%YAML 1.1
%TAG !u! tag:unity3d.com,2011:
--- !u!29 &1
OcclusionCullingSettings:
  m_ObjectHideFlags: 0
  serializedVersion: 2
  m_OcclusionBakeSettings:
    smallestOccluder: 5
    smallestHole: 0.25
    backfaceThreshold: 100
  m_SceneGUID: 00000000000000000000000000000000
  m_OcclusionCullingData: {fileID: 0}
--- !u!104 &2
RenderSettings:
  m_ObjectHideFlags: 0
  serializedVersion: 9
  m_Fog: 0
  m_FogColor: {r: 0.5, g: 0.5, b: 0.5, a: 1}
  m_FogMode: 3
  m_FogDensity: 0.01
  m_LinearFogStart: 0
  m_LinearFogEnd: 300
  m_AmbientSkyColor: {r: 0.212, g: 0.227, b: 0.259, a: 1}
  m_AmbientEquatorColor: {r: 0.114, g: 0.125, b: 0.133, a: 1}
  m_AmbientGroundColor: {r: 0.047, g: 0.043, b: 0.035, a: 1}
  m_AmbientIntensity: 1
  m_AmbientMode: 0
  m_SubtractiveShadowColor: {r: 0.42, g: 0.478, b: 0.627, a: 1}
  m_SkyboxMaterial: {fileID: 10304, guid: 0000000000000000f000000000000000, type: 0}
  m_HaloStrength: 0.5
  m_FlareStrength: 1
  m_FlareFadeSpeed: 3
  m_HaloTexture: {fileID: 0}
  m_SpotCookie: {fileID: 10001, guid: 0000000000000000e000000000000000, type: 0}
  m_DefaultReflectionMode: 0
  m_DefaultReflectionResolution: 128
  m_ReflectionBounces: 1
  m_ReflectionIntensity: 1
  m_CustomReflection: {fileID: 0}
  m_Sun: {fileID: 705507994}
  m_IndirectSpecularColor: {r: 0.44657874, g: 0.49641275, b: 0.5748172, a: 1}
  m_UseRadianceAmbientProbe: 0
--- !u!157 &3
LightmapSettings:
  m_ObjectHideFlags: 0
  serializedVersion: 11
  m_GIWorkflowMode: 0
  m_GISettings:
    serializedVersion: 2
    m_BounceScale: 1
    m_IndirectOutputScale: 1
    m_AlbedoBoost: 1
    m_EnvironmentLightingMode: 0
    m_EnableBakedLightmaps: 1
    m_EnableRealtimeLightmaps: 0
  m_LightmapEditorSettings:
    serializedVersion: 12
    m_Resolution: 2
    m_BakeResolution: 40
    m_AtlasSize: 1024
    m_AO: 0
    m_AOMaxDistance: 1
    m_CompAOExponent: 1
    m_CompAOExponentDirect: 0
    m_ExtractAmbientOcclusion: 0
    m_Padding: 2
    m_LightmapParameters: {fileID: 0}
    m_LightmapsBakeMode: 1
    m_TextureCompression: 1
    m_FinalGather: 0
    m_FinalGatherFiltering: 1
    m_FinalGatherRayCount: 256
    m_ReflectionCompression: 2
    m_MixedBakeMode: 2
    m_BakeBackend: 1
    m_PVRSampling: 1
    m_PVRDirectSampleCount: 32
    m_PVRSampleCount: 500
    m_PVRBounces: 2
    m_PVREnvironmentSampleCount: 500
    m_PVREnvironmentReferencePointCount: 2048
    m_PVRFilteringMode: 2
    m_PVRDenoiserTypeDirect: 0
    m_PVRDenoiserTypeIndirect: 0
    m_PVRDenoiserTypeAO: 0
    m_PVRFilterTypeDirect: 0
    m_PVRFilterTypeIndirect: 0
    m_PVRFilterTypeAO: 0
    m_PVREnvironmentMIS: 0
    m_PVRCulling: 1
    m_PVRFilteringGaussRadiusDirect: 1
    m_PVRFilteringGaussRadiusIndirect: 5
    m_PVRFilteringGaussRadiusAO: 2
    m_PVRFilteringAtrousPositionSigmaDirect: 0.5
    m_PVRFilteringAtrousPositionSigmaIndirect: 2
    m_PVRFilteringAtrousPositionSigmaAO: 1
    m_ExportTrainingData: 0
    m_TrainingDataDestination: TrainingData
    m_LightProbeSampleCountMultiplier: 4
  m_LightingDataAsset: {fileID: 0}
  m_UseShadowmask: 1
--- !u!196 &4
NavMeshSettings:
  serializedVersion: 2
  m_ObjectHideFlags: 0
  m_BuildSettings:
    serializedVersion: 2
    agentTypeID: 0
    agentRadius: 0.5
    agentHeight: 2
    agentSlope: 45
    agentClimb: 0.4
    ledgeDropHeight: 0
    maxJumpAcrossDistance: 0
    minRegionArea: 2
    manualCellSize: 0
    cellSize: 0.16666667
    manualTileSize: 0
    tileSize: 256
    accuratePlacement: 0
    debug:
      m_Flags: 0
  m_NavMeshData: {fileID: 0}
--- !u!1 &15504879 stripped
GameObject:
  m_CorrespondingSourceObject: {fileID: -927199367670048503, guid: d2dd74a748c2048b68d4f27ceada696a,
    type: 3}
  m_PrefabInstance: {fileID: 116211530}
  m_PrefabAsset: {fileID: 0}
--- !u!4 &15504880 stripped
Transform:
  m_CorrespondingSourceObject: {fileID: -4216859302048453862, guid: d2dd74a748c2048b68d4f27ceada696a,
    type: 3}
  m_PrefabInstance: {fileID: 116211530}
  m_PrefabAsset: {fileID: 0}
--- !u!114 &15504881
MonoBehaviour:
  m_ObjectHideFlags: 0
  m_CorrespondingSourceObject: {fileID: 0}
  m_PrefabInstance: {fileID: 0}
  m_PrefabAsset: {fileID: 0}
  m_GameObject: {fileID: 15504879}
  m_Enabled: 0
  m_EditorHideFlags: 0
  m_Script: {fileID: 11500000, guid: 4a488f474770c480b9f922e074ed7530, type: 3}
  m_Name: 
  m_EditorClassIdentifier: 
  zforce: 20
  maincamera: {fileID: 0}
  direction: {fileID: 0}
  arrow: {fileID: 0}
  Flag: {fileID: 0}
  Ball: {fileID: 0}
  arrowzscale: 0.07
  scoreboard: {fileID: 0}
  hole_num: {fileID: 0}
  par_num: {fileID: 0}
  stroke_num: {fileID: 0}
  scoreboard_stroke_num1: {fileID: 0}
  scoreboard_stroke_num2: {fileID: 0}
  scoreboard_stroke_num3: {fileID: 0}
--- !u!1 &107332776
GameObject:
  m_ObjectHideFlags: 0
  m_CorrespondingSourceObject: {fileID: 0}
  m_PrefabInstance: {fileID: 0}
  m_PrefabAsset: {fileID: 0}
  serializedVersion: 6
  m_Component:
  - component: {fileID: 107332779}
  - component: {fileID: 107332778}
  - component: {fileID: 107332777}
  m_Layer: 5
  m_Name: Stroke#
  m_TagString: Untagged
  m_Icon: {fileID: 0}
  m_NavMeshLayer: 0
  m_StaticEditorFlags: 0
  m_IsActive: 1
--- !u!114 &107332777
MonoBehaviour:
  m_ObjectHideFlags: 0
  m_CorrespondingSourceObject: {fileID: 0}
  m_PrefabInstance: {fileID: 0}
  m_PrefabAsset: {fileID: 0}
  m_GameObject: {fileID: 107332776}
  m_Enabled: 1
  m_EditorHideFlags: 0
  m_Script: {fileID: 11500000, guid: 5f7201a12d95ffc409449d95f23cf332, type: 3}
  m_Name: 
  m_EditorClassIdentifier: 
  m_Material: {fileID: 0}
  m_Color: {r: 0.735849, g: 0.55918086, b: 0, a: 1}
  m_RaycastTarget: 1
  m_OnCullStateChanged:
    m_PersistentCalls:
      m_Calls: []
  m_FontData:
    m_Font: {fileID: 10102, guid: 0000000000000000e000000000000000, type: 0}
    m_FontSize: 14
    m_FontStyle: 0
    m_BestFit: 0
    m_MinSize: 10
    m_MaxSize: 40
    m_Alignment: 0
    m_AlignByGeometry: 0
    m_RichText: 1
    m_HorizontalOverflow: 0
    m_VerticalOverflow: 0
    m_LineSpacing: 1
  m_Text: 0
--- !u!222 &107332778
CanvasRenderer:
  m_ObjectHideFlags: 0
  m_CorrespondingSourceObject: {fileID: 0}
  m_PrefabInstance: {fileID: 0}
  m_PrefabAsset: {fileID: 0}
  m_GameObject: {fileID: 107332776}
  m_CullTransparentMesh: 0
--- !u!224 &107332779
RectTransform:
  m_ObjectHideFlags: 0
  m_CorrespondingSourceObject: {fileID: 0}
  m_PrefabInstance: {fileID: 0}
  m_PrefabAsset: {fileID: 0}
  m_GameObject: {fileID: 107332776}
  m_LocalRotation: {x: 0, y: 0, z: 0, w: 1}
  m_LocalPosition: {x: 0, y: 0, z: 0}
  m_LocalScale: {x: 4, y: 4, z: 1}
  m_Children: []
  m_Father: {fileID: 1821900153}
  m_RootOrder: 5
  m_LocalEulerAnglesHint: {x: 0, y: 0, z: 0}
  m_AnchorMin: {x: 0.5, y: 0.5}
  m_AnchorMax: {x: 0.5, y: 0.5}
  m_AnchoredPosition: {x: 258, y: -102}
  m_SizeDelta: {x: 40, y: 20}
  m_Pivot: {x: 0.5, y: 0.5}
--- !u!1001 &116211530
PrefabInstance:
  m_ObjectHideFlags: 0
  serializedVersion: 2
  m_Modification:
    m_TransformParent: {fileID: 243179098}
    m_Modifications:
    - target: {fileID: -7808381318373605236, guid: d2dd74a748c2048b68d4f27ceada696a,
        type: 3}
      propertyPath: m_Enabled
      value: 0
      objectReference: {fileID: 0}
    - target: {fileID: -7521214134985992077, guid: d2dd74a748c2048b68d4f27ceada696a,
        type: 3}
      propertyPath: m_Enabled
      value: 0
      objectReference: {fileID: 0}
    - target: {fileID: -5178661895559278292, guid: d2dd74a748c2048b68d4f27ceada696a,
        type: 3}
      propertyPath: m_Mesh
      value: 
      objectReference: {fileID: 2534964839176971238, guid: d2dd74a748c2048b68d4f27ceada696a,
        type: 3}
    - target: {fileID: -4216859302048453862, guid: d2dd74a748c2048b68d4f27ceada696a,
        type: 3}
      propertyPath: m_LocalPosition.x
      value: 0
      objectReference: {fileID: 0}
    - target: {fileID: -4216859302048453862, guid: d2dd74a748c2048b68d4f27ceada696a,
        type: 3}
      propertyPath: m_LocalPosition.y
      value: 0.007
      objectReference: {fileID: 0}
    - target: {fileID: -4216859302048453862, guid: d2dd74a748c2048b68d4f27ceada696a,
        type: 3}
      propertyPath: m_LocalPosition.z
      value: 0.137
      objectReference: {fileID: 0}
    - target: {fileID: -4216859302048453862, guid: d2dd74a748c2048b68d4f27ceada696a,
        type: 3}
      propertyPath: m_LocalRotation.x
      value: -0
      objectReference: {fileID: 0}
    - target: {fileID: -4216859302048453862, guid: d2dd74a748c2048b68d4f27ceada696a,
        type: 3}
      propertyPath: m_LocalRotation.y
      value: 1
      objectReference: {fileID: 0}
    - target: {fileID: -4216859302048453862, guid: d2dd74a748c2048b68d4f27ceada696a,
        type: 3}
      propertyPath: m_LocalRotation.z
      value: -0
      objectReference: {fileID: 0}
    - target: {fileID: -4216859302048453862, guid: d2dd74a748c2048b68d4f27ceada696a,
        type: 3}
      propertyPath: m_LocalRotation.w
      value: 0
      objectReference: {fileID: 0}
    - target: {fileID: -4216859302048453862, guid: d2dd74a748c2048b68d4f27ceada696a,
        type: 3}
      propertyPath: m_RootOrder
      value: 0
      objectReference: {fileID: 0}
    - target: {fileID: -4216859302048453862, guid: d2dd74a748c2048b68d4f27ceada696a,
        type: 3}
      propertyPath: m_LocalEulerAnglesHint.x
      value: 0
      objectReference: {fileID: 0}
    - target: {fileID: -4216859302048453862, guid: d2dd74a748c2048b68d4f27ceada696a,
        type: 3}
      propertyPath: m_LocalEulerAnglesHint.y
      value: 180
      objectReference: {fileID: 0}
    - target: {fileID: -4216859302048453862, guid: d2dd74a748c2048b68d4f27ceada696a,
        type: 3}
      propertyPath: m_LocalEulerAnglesHint.z
      value: 0
      objectReference: {fileID: 0}
    - target: {fileID: -4216859302048453862, guid: d2dd74a748c2048b68d4f27ceada696a,
        type: 3}
      propertyPath: m_LocalScale.x
      value: 0.02
      objectReference: {fileID: 0}
    - target: {fileID: -4216859302048453862, guid: d2dd74a748c2048b68d4f27ceada696a,
        type: 3}
      propertyPath: m_LocalScale.y
      value: 0.01
      objectReference: {fileID: 0}
    - target: {fileID: -4216859302048453862, guid: d2dd74a748c2048b68d4f27ceada696a,
        type: 3}
      propertyPath: m_LocalScale.z
      value: 0.07
      objectReference: {fileID: 0}
    - target: {fileID: -2684987433343351570, guid: d2dd74a748c2048b68d4f27ceada696a,
        type: 3}
      propertyPath: m_Materials.Array.data[0]
      value: 
      objectReference: {fileID: 2100000, guid: 258e6b20482b24b0e945f34a9ed81e63, type: 2}
    - target: {fileID: -1504981713932161579, guid: d2dd74a748c2048b68d4f27ceada696a,
        type: 3}
      propertyPath: m_Materials.Array.data[0]
      value: 
      objectReference: {fileID: 2100000, guid: 258e6b20482b24b0e945f34a9ed81e63, type: 2}
    - target: {fileID: -1504981713932161579, guid: d2dd74a748c2048b68d4f27ceada696a,
        type: 3}
      propertyPath: m_Enabled
      value: 1
      objectReference: {fileID: 0}
    - target: {fileID: -927199367670048503, guid: d2dd74a748c2048b68d4f27ceada696a,
        type: 3}
      propertyPath: m_Name
      value: arrow
      objectReference: {fileID: 0}
    - target: {fileID: -927199367670048503, guid: d2dd74a748c2048b68d4f27ceada696a,
        type: 3}
      propertyPath: m_IsActive
      value: 1
      objectReference: {fileID: 0}
    - target: {fileID: -927199367670048503, guid: d2dd74a748c2048b68d4f27ceada696a,
        type: 3}
      propertyPath: m_StaticEditorFlags
      value: 0
      objectReference: {fileID: 0}
    - target: {fileID: 4063835366044962077, guid: d2dd74a748c2048b68d4f27ceada696a,
        type: 3}
      propertyPath: m_Materials.Array.data[0]
      value: 
      objectReference: {fileID: 2100000, guid: 258e6b20482b24b0e945f34a9ed81e63, type: 2}
    m_RemovedComponents: []
  m_SourcePrefab: {fileID: 100100000, guid: d2dd74a748c2048b68d4f27ceada696a, type: 3}
--- !u!1 &120191458
GameObject:
  m_ObjectHideFlags: 0
  m_CorrespondingSourceObject: {fileID: 0}
  m_PrefabInstance: {fileID: 0}
  m_PrefabAsset: {fileID: 0}
  serializedVersion: 6
  m_Component:
  - component: {fileID: 120191459}
  - component: {fileID: 120191461}
  - component: {fileID: 120191460}
  m_Layer: 5
  m_Name: Hole
  m_TagString: Untagged
  m_Icon: {fileID: 0}
  m_NavMeshLayer: 0
  m_StaticEditorFlags: 0
  m_IsActive: 1
--- !u!224 &120191459
RectTransform:
  m_ObjectHideFlags: 0
  m_CorrespondingSourceObject: {fileID: 0}
  m_PrefabInstance: {fileID: 0}
  m_PrefabAsset: {fileID: 0}
  m_GameObject: {fileID: 120191458}
  m_LocalRotation: {x: 0, y: 0, z: 0, w: 1}
  m_LocalPosition: {x: 0, y: 0, z: 0}
  m_LocalScale: {x: 4, y: 4, z: 1}
  m_Children: []
  m_Father: {fileID: 1821900153}
  m_RootOrder: 0
  m_LocalEulerAnglesHint: {x: 0, y: 0, z: 0}
  m_AnchorMin: {x: 0.5, y: 0.5}
  m_AnchorMax: {x: 0.5, y: 0.5}
  m_AnchoredPosition: {x: 60, y: 29}
  m_SizeDelta: {x: 40, y: 20}
  m_Pivot: {x: 0.5, y: 0.5}
--- !u!114 &120191460
MonoBehaviour:
  m_ObjectHideFlags: 0
  m_CorrespondingSourceObject: {fileID: 0}
  m_PrefabInstance: {fileID: 0}
  m_PrefabAsset: {fileID: 0}
  m_GameObject: {fileID: 120191458}
  m_Enabled: 1
  m_EditorHideFlags: 0
  m_Script: {fileID: 11500000, guid: 5f7201a12d95ffc409449d95f23cf332, type: 3}
  m_Name: 
  m_EditorClassIdentifier: 
  m_Material: {fileID: 0}
  m_Color: {r: 0.19607843, g: 0.19607843, b: 0.19607843, a: 1}
  m_RaycastTarget: 1
  m_OnCullStateChanged:
    m_PersistentCalls:
      m_Calls: []
  m_FontData:
    m_Font: {fileID: 10102, guid: 0000000000000000e000000000000000, type: 0}
    m_FontSize: 14
    m_FontStyle: 0
    m_BestFit: 0
    m_MinSize: 10
    m_MaxSize: 40
    m_Alignment: 0
    m_AlignByGeometry: 0
    m_RichText: 1
    m_HorizontalOverflow: 0
    m_VerticalOverflow: 0
    m_LineSpacing: 1
  m_Text: 'Hole:'
--- !u!222 &120191461
CanvasRenderer:
  m_ObjectHideFlags: 0
  m_CorrespondingSourceObject: {fileID: 0}
  m_PrefabInstance: {fileID: 0}
  m_PrefabAsset: {fileID: 0}
  m_GameObject: {fileID: 120191458}
  m_CullTransparentMesh: 0
--- !u!1001 &135409703
PrefabInstance:
  m_ObjectHideFlags: 0
  serializedVersion: 2
  m_Modification:
    m_TransformParent: {fileID: 280968028}
    m_Modifications:
    - target: {fileID: 163258, guid: 681e156ea7c4b0a4abe56e3f28530145, type: 3}
      propertyPath: m_Name
      value: pref_TrackGrassElevation_01
      objectReference: {fileID: 0}
    - target: {fileID: 472400, guid: 681e156ea7c4b0a4abe56e3f28530145, type: 3}
      propertyPath: m_LocalPosition.x
      value: -0.00054603256
      objectReference: {fileID: 0}
    - target: {fileID: 472400, guid: 681e156ea7c4b0a4abe56e3f28530145, type: 3}
      propertyPath: m_LocalPosition.y
      value: -0.0010000467
      objectReference: {fileID: 0}
    - target: {fileID: 472400, guid: 681e156ea7c4b0a4abe56e3f28530145, type: 3}
      propertyPath: m_LocalPosition.z
      value: 0.010999918
      objectReference: {fileID: 0}
    - target: {fileID: 472400, guid: 681e156ea7c4b0a4abe56e3f28530145, type: 3}
      propertyPath: m_LocalRotation.x
      value: -0
      objectReference: {fileID: 0}
    - target: {fileID: 472400, guid: 681e156ea7c4b0a4abe56e3f28530145, type: 3}
      propertyPath: m_LocalRotation.y
      value: -1
      objectReference: {fileID: 0}
    - target: {fileID: 472400, guid: 681e156ea7c4b0a4abe56e3f28530145, type: 3}
      propertyPath: m_LocalRotation.z
      value: -0
      objectReference: {fileID: 0}
    - target: {fileID: 472400, guid: 681e156ea7c4b0a4abe56e3f28530145, type: 3}
      propertyPath: m_LocalRotation.w
      value: 0
      objectReference: {fileID: 0}
    - target: {fileID: 472400, guid: 681e156ea7c4b0a4abe56e3f28530145, type: 3}
      propertyPath: m_RootOrder
      value: 1
      objectReference: {fileID: 0}
    - target: {fileID: 472400, guid: 681e156ea7c4b0a4abe56e3f28530145, type: 3}
      propertyPath: m_LocalEulerAnglesHint.x
      value: 0
      objectReference: {fileID: 0}
    - target: {fileID: 472400, guid: 681e156ea7c4b0a4abe56e3f28530145, type: 3}
      propertyPath: m_LocalEulerAnglesHint.y
      value: 0
      objectReference: {fileID: 0}
    - target: {fileID: 472400, guid: 681e156ea7c4b0a4abe56e3f28530145, type: 3}
      propertyPath: m_LocalEulerAnglesHint.z
      value: 0
      objectReference: {fileID: 0}
    - target: {fileID: 472400, guid: 681e156ea7c4b0a4abe56e3f28530145, type: 3}
      propertyPath: m_LocalScale.z
      value: 2
      objectReference: {fileID: 0}
    m_RemovedComponents: []
  m_SourcePrefab: {fileID: 100100000, guid: 681e156ea7c4b0a4abe56e3f28530145, type: 3}
--- !u!1001 &230785483
PrefabInstance:
  m_ObjectHideFlags: 0
  serializedVersion: 2
  m_Modification:
    m_TransformParent: {fileID: 0}
    m_Modifications:
    - target: {fileID: 8641454559916620046, guid: afc4f2b6c15034a5186339b0d4fe0c5c,
        type: 3}
      propertyPath: m_Name
      value: EventSystem
      objectReference: {fileID: 0}
    - target: {fileID: 8641454559916620273, guid: afc4f2b6c15034a5186339b0d4fe0c5c,
        type: 3}
      propertyPath: m_LocalPosition.x
      value: 0
      objectReference: {fileID: 0}
    - target: {fileID: 8641454559916620273, guid: afc4f2b6c15034a5186339b0d4fe0c5c,
        type: 3}
      propertyPath: m_LocalPosition.y
      value: 0
      objectReference: {fileID: 0}
    - target: {fileID: 8641454559916620273, guid: afc4f2b6c15034a5186339b0d4fe0c5c,
        type: 3}
      propertyPath: m_LocalPosition.z
      value: 0
      objectReference: {fileID: 0}
    - target: {fileID: 8641454559916620273, guid: afc4f2b6c15034a5186339b0d4fe0c5c,
        type: 3}
      propertyPath: m_LocalRotation.x
      value: 0
      objectReference: {fileID: 0}
    - target: {fileID: 8641454559916620273, guid: afc4f2b6c15034a5186339b0d4fe0c5c,
        type: 3}
      propertyPath: m_LocalRotation.y
      value: 0
      objectReference: {fileID: 0}
    - target: {fileID: 8641454559916620273, guid: afc4f2b6c15034a5186339b0d4fe0c5c,
        type: 3}
      propertyPath: m_LocalRotation.z
      value: 0
      objectReference: {fileID: 0}
    - target: {fileID: 8641454559916620273, guid: afc4f2b6c15034a5186339b0d4fe0c5c,
        type: 3}
      propertyPath: m_LocalRotation.w
      value: 1
      objectReference: {fileID: 0}
    - target: {fileID: 8641454559916620273, guid: afc4f2b6c15034a5186339b0d4fe0c5c,
        type: 3}
      propertyPath: m_RootOrder
      value: 6
      objectReference: {fileID: 0}
    - target: {fileID: 8641454559916620273, guid: afc4f2b6c15034a5186339b0d4fe0c5c,
        type: 3}
      propertyPath: m_LocalEulerAnglesHint.x
      value: 0
      objectReference: {fileID: 0}
    - target: {fileID: 8641454559916620273, guid: afc4f2b6c15034a5186339b0d4fe0c5c,
        type: 3}
      propertyPath: m_LocalEulerAnglesHint.y
      value: 0
      objectReference: {fileID: 0}
    - target: {fileID: 8641454559916620273, guid: afc4f2b6c15034a5186339b0d4fe0c5c,
        type: 3}
      propertyPath: m_LocalEulerAnglesHint.z
      value: 0
      objectReference: {fileID: 0}
    m_RemovedComponents: []
  m_SourcePrefab: {fileID: 100100000, guid: afc4f2b6c15034a5186339b0d4fe0c5c, type: 3}
--- !u!1 &243179097
GameObject:
  m_ObjectHideFlags: 0
  m_CorrespondingSourceObject: {fileID: 0}
  m_PrefabInstance: {fileID: 0}
  m_PrefabAsset: {fileID: 0}
  serializedVersion: 6
  m_Component:
  - component: {fileID: 243179098}
  m_Layer: 0
  m_Name: direction
  m_TagString: Untagged
  m_Icon: {fileID: 0}
  m_NavMeshLayer: 0
  m_StaticEditorFlags: 0
  m_IsActive: 1
--- !u!4 &243179098
Transform:
  m_ObjectHideFlags: 0
  m_CorrespondingSourceObject: {fileID: 0}
  m_PrefabInstance: {fileID: 0}
  m_PrefabAsset: {fileID: 0}
  m_GameObject: {fileID: 243179097}
  m_LocalRotation: {x: -0, y: -0, z: -0, w: 1}
  m_LocalPosition: {x: 0, y: 0, z: 0}
  m_LocalScale: {x: 1, y: 1, z: 1}
  m_Children:
  - {fileID: 15504880}
  - {fileID: 744941398}
  m_Father: {fileID: 1885642834}
  m_RootOrder: 0
  m_LocalEulerAnglesHint: {x: 0, y: 0, z: 0}
--- !u!4 &280968028 stripped
Transform:
  m_CorrespondingSourceObject: {fileID: 416820, guid: b3a5061d2a7d9d049a640bef8252bc3c,
    type: 3}
  m_PrefabInstance: {fileID: 291905812}
  m_PrefabAsset: {fileID: 0}
--- !u!1001 &281893808
PrefabInstance:
  m_ObjectHideFlags: 0
  serializedVersion: 2
  m_Modification:
    m_TransformParent: {fileID: 280968028}
    m_Modifications:
    - target: {fileID: 118726, guid: e06139a50c67ba7408c4a69fa3a3d9a1, type: 3}
      propertyPath: m_Name
      value: hole02
      objectReference: {fileID: 0}
    - target: {fileID: 122292, guid: e06139a50c67ba7408c4a69fa3a3d9a1, type: 3}
      propertyPath: m_Name
      value: track3
      objectReference: {fileID: 0}
    - target: {fileID: 434318, guid: e06139a50c67ba7408c4a69fa3a3d9a1, type: 3}
      propertyPath: m_LocalPosition.y
      value: -0.02
      objectReference: {fileID: 0}
    - target: {fileID: 483834, guid: e06139a50c67ba7408c4a69fa3a3d9a1, type: 3}
      propertyPath: m_LocalPosition.x
      value: 4.006
      objectReference: {fileID: 0}
    - target: {fileID: 483834, guid: e06139a50c67ba7408c4a69fa3a3d9a1, type: 3}
      propertyPath: m_LocalPosition.y
      value: -1.786
      objectReference: {fileID: 0}
    - target: {fileID: 483834, guid: e06139a50c67ba7408c4a69fa3a3d9a1, type: 3}
      propertyPath: m_LocalPosition.z
      value: -2.486
      objectReference: {fileID: 0}
    - target: {fileID: 483834, guid: e06139a50c67ba7408c4a69fa3a3d9a1, type: 3}
      propertyPath: m_LocalRotation.x
      value: -0
      objectReference: {fileID: 0}
    - target: {fileID: 483834, guid: e06139a50c67ba7408c4a69fa3a3d9a1, type: 3}
      propertyPath: m_LocalRotation.y
      value: -0.7071068
      objectReference: {fileID: 0}
    - target: {fileID: 483834, guid: e06139a50c67ba7408c4a69fa3a3d9a1, type: 3}
      propertyPath: m_LocalRotation.z
      value: -0
      objectReference: {fileID: 0}
    - target: {fileID: 483834, guid: e06139a50c67ba7408c4a69fa3a3d9a1, type: 3}
      propertyPath: m_LocalRotation.w
      value: 0.7071068
      objectReference: {fileID: 0}
    - target: {fileID: 483834, guid: e06139a50c67ba7408c4a69fa3a3d9a1, type: 3}
      propertyPath: m_RootOrder
      value: 6
      objectReference: {fileID: 0}
    - target: {fileID: 483834, guid: e06139a50c67ba7408c4a69fa3a3d9a1, type: 3}
      propertyPath: m_LocalEulerAnglesHint.x
      value: 0
      objectReference: {fileID: 0}
    - target: {fileID: 483834, guid: e06139a50c67ba7408c4a69fa3a3d9a1, type: 3}
      propertyPath: m_LocalEulerAnglesHint.y
      value: 90
      objectReference: {fileID: 0}
    - target: {fileID: 483834, guid: e06139a50c67ba7408c4a69fa3a3d9a1, type: 3}
      propertyPath: m_LocalEulerAnglesHint.z
      value: 0
      objectReference: {fileID: 0}
    - target: {fileID: 483834, guid: e06139a50c67ba7408c4a69fa3a3d9a1, type: 3}
      propertyPath: m_LocalScale.z
      value: 1.2
      objectReference: {fileID: 0}
    - target: {fileID: 483834, guid: e06139a50c67ba7408c4a69fa3a3d9a1, type: 3}
      propertyPath: m_LocalScale.x
      value: 1.2
      objectReference: {fileID: 0}
    m_RemovedComponents: []
  m_SourcePrefab: {fileID: 100100000, guid: e06139a50c67ba7408c4a69fa3a3d9a1, type: 3}
--- !u!4 &281893809 stripped
Transform:
  m_CorrespondingSourceObject: {fileID: 483834, guid: e06139a50c67ba7408c4a69fa3a3d9a1,
    type: 3}
  m_PrefabInstance: {fileID: 281893808}
  m_PrefabAsset: {fileID: 0}
--- !u!1001 &291905812
PrefabInstance:
  m_ObjectHideFlags: 0
  serializedVersion: 2
  m_Modification:
    m_TransformParent: {fileID: 0}
    m_Modifications:
    - target: {fileID: 190644, guid: b3a5061d2a7d9d049a640bef8252bc3c, type: 3}
      propertyPath: m_Name
      value: Course02
      objectReference: {fileID: 0}
    - target: {fileID: 416820, guid: b3a5061d2a7d9d049a640bef8252bc3c, type: 3}
      propertyPath: m_LocalPosition.x
      value: 0.006
      objectReference: {fileID: 0}
    - target: {fileID: 416820, guid: b3a5061d2a7d9d049a640bef8252bc3c, type: 3}
      propertyPath: m_LocalPosition.y
      value: 0.16
      objectReference: {fileID: 0}
    - target: {fileID: 416820, guid: b3a5061d2a7d9d049a640bef8252bc3c, type: 3}
      propertyPath: m_LocalPosition.z
      value: -5.08
      objectReference: {fileID: 0}
    - target: {fileID: 416820, guid: b3a5061d2a7d9d049a640bef8252bc3c, type: 3}
      propertyPath: m_LocalRotation.x
      value: 0
      objectReference: {fileID: 0}
    - target: {fileID: 416820, guid: b3a5061d2a7d9d049a640bef8252bc3c, type: 3}
      propertyPath: m_LocalRotation.y
      value: 1
      objectReference: {fileID: 0}
    - target: {fileID: 416820, guid: b3a5061d2a7d9d049a640bef8252bc3c, type: 3}
      propertyPath: m_LocalRotation.z
      value: 0
      objectReference: {fileID: 0}
    - target: {fileID: 416820, guid: b3a5061d2a7d9d049a640bef8252bc3c, type: 3}
      propertyPath: m_LocalRotation.w
      value: 0
      objectReference: {fileID: 0}
    - target: {fileID: 416820, guid: b3a5061d2a7d9d049a640bef8252bc3c, type: 3}
      propertyPath: m_RootOrder
      value: 0
      objectReference: {fileID: 0}
    - target: {fileID: 416820, guid: b3a5061d2a7d9d049a640bef8252bc3c, type: 3}
      propertyPath: m_LocalEulerAnglesHint.x
      value: 0
      objectReference: {fileID: 0}
    - target: {fileID: 416820, guid: b3a5061d2a7d9d049a640bef8252bc3c, type: 3}
      propertyPath: m_LocalEulerAnglesHint.y
      value: 180
      objectReference: {fileID: 0}
    - target: {fileID: 416820, guid: b3a5061d2a7d9d049a640bef8252bc3c, type: 3}
      propertyPath: m_LocalEulerAnglesHint.z
      value: 0
      objectReference: {fileID: 0}
    - target: {fileID: 6425010, guid: b3a5061d2a7d9d049a640bef8252bc3c, type: 3}
      propertyPath: m_Material
      value: 
      objectReference: {fileID: 13400000, guid: dc2a62790f5344c31853ca6989cda0a1,
        type: 2}
    m_RemovedComponents: []
  m_SourcePrefab: {fileID: 100100000, guid: b3a5061d2a7d9d049a640bef8252bc3c, type: 3}
--- !u!4 &510435488 stripped
Transform:
  m_CorrespondingSourceObject: {fileID: 438270, guid: 0274034be7faa044d98151f0e757656c,
    type: 3}
  m_PrefabInstance: {fileID: 887145179}
  m_PrefabAsset: {fileID: 0}
--- !u!1001 &619424713
PrefabInstance:
  m_ObjectHideFlags: 0
  serializedVersion: 2
  m_Modification:
    m_TransformParent: {fileID: 280968028}
    m_Modifications:
    - target: {fileID: 137058, guid: 41948c0db3769d44496c7f7d27a5a64a, type: 3}
      propertyPath: m_Name
      value: pref_ObstacleGrassTriangleBig
      objectReference: {fileID: 0}
    - target: {fileID: 451678, guid: 41948c0db3769d44496c7f7d27a5a64a, type: 3}
      propertyPath: m_LocalPosition.x
      value: -0.715
      objectReference: {fileID: 0}
    - target: {fileID: 451678, guid: 41948c0db3769d44496c7f7d27a5a64a, type: 3}
      propertyPath: m_LocalPosition.y
      value: -0.077
      objectReference: {fileID: 0}
    - target: {fileID: 451678, guid: 41948c0db3769d44496c7f7d27a5a64a, type: 3}
      propertyPath: m_LocalPosition.z
      value: 0.488
      objectReference: {fileID: 0}
    - target: {fileID: 451678, guid: 41948c0db3769d44496c7f7d27a5a64a, type: 3}
      propertyPath: m_LocalRotation.x
      value: -0
      objectReference: {fileID: 0}
    - target: {fileID: 451678, guid: 41948c0db3769d44496c7f7d27a5a64a, type: 3}
      propertyPath: m_LocalRotation.y
      value: -0.9396927
      objectReference: {fileID: 0}
    - target: {fileID: 451678, guid: 41948c0db3769d44496c7f7d27a5a64a, type: 3}
      propertyPath: m_LocalRotation.z
      value: 0
      objectReference: {fileID: 0}
    - target: {fileID: 451678, guid: 41948c0db3769d44496c7f7d27a5a64a, type: 3}
      propertyPath: m_LocalRotation.w
      value: -0.34202012
      objectReference: {fileID: 0}
    - target: {fileID: 451678, guid: 41948c0db3769d44496c7f7d27a5a64a, type: 3}
      propertyPath: m_RootOrder
      value: 0
      objectReference: {fileID: 0}
    - target: {fileID: 451678, guid: 41948c0db3769d44496c7f7d27a5a64a, type: 3}
      propertyPath: m_LocalEulerAnglesHint.x
      value: 0
      objectReference: {fileID: 0}
    - target: {fileID: 451678, guid: 41948c0db3769d44496c7f7d27a5a64a, type: 3}
      propertyPath: m_LocalEulerAnglesHint.y
      value: -220
      objectReference: {fileID: 0}
    - target: {fileID: 451678, guid: 41948c0db3769d44496c7f7d27a5a64a, type: 3}
      propertyPath: m_LocalEulerAnglesHint.z
      value: 0
      objectReference: {fileID: 0}
    - target: {fileID: 451678, guid: 41948c0db3769d44496c7f7d27a5a64a, type: 3}
      propertyPath: m_LocalScale.x
      value: 0.7999999
      objectReference: {fileID: 0}
    - target: {fileID: 451678, guid: 41948c0db3769d44496c7f7d27a5a64a, type: 3}
      propertyPath: m_LocalScale.y
      value: 0.8
      objectReference: {fileID: 0}
    - target: {fileID: 451678, guid: 41948c0db3769d44496c7f7d27a5a64a, type: 3}
      propertyPath: m_LocalScale.z
      value: 0.7999999
      objectReference: {fileID: 0}
    m_RemovedComponents: []
  m_SourcePrefab: {fileID: 100100000, guid: 41948c0db3769d44496c7f7d27a5a64a, type: 3}
--- !u!1 &705507993
GameObject:
  m_ObjectHideFlags: 0
  m_CorrespondingSourceObject: {fileID: 0}
  m_PrefabInstance: {fileID: 0}
  m_PrefabAsset: {fileID: 0}
  serializedVersion: 6
  m_Component:
  - component: {fileID: 705507995}
  - component: {fileID: 705507994}
  m_Layer: 0
  m_Name: Directional Light
  m_TagString: Untagged
  m_Icon: {fileID: 0}
  m_NavMeshLayer: 0
  m_StaticEditorFlags: 0
  m_IsActive: 1
--- !u!108 &705507994
Light:
  m_ObjectHideFlags: 0
  m_CorrespondingSourceObject: {fileID: 0}
  m_PrefabInstance: {fileID: 0}
  m_PrefabAsset: {fileID: 0}
  m_GameObject: {fileID: 705507993}
  m_Enabled: 1
  serializedVersion: 10
  m_Type: 1
  m_Shape: 0
  m_Color: {r: 1, g: 0.95686275, b: 0.8392157, a: 1}
  m_Intensity: 1
  m_Range: 10
  m_SpotAngle: 30
  m_InnerSpotAngle: 21.802082
  m_CookieSize: 10
  m_Shadows:
    m_Type: 2
    m_Resolution: -1
    m_CustomResolution: -1
    m_Strength: 1
    m_Bias: 0.05
    m_NormalBias: 0.4
    m_NearPlane: 0.2
    m_CullingMatrixOverride:
      e00: 1
      e01: 0
      e02: 0
      e03: 0
      e10: 0
      e11: 1
      e12: 0
      e13: 0
      e20: 0
      e21: 0
      e22: 1
      e23: 0
      e30: 0
      e31: 0
      e32: 0
      e33: 1
    m_UseCullingMatrixOverride: 0
  m_Cookie: {fileID: 0}
  m_DrawHalo: 0
  m_Flare: {fileID: 0}
  m_RenderMode: 0
  m_CullingMask:
    serializedVersion: 2
    m_Bits: 4294967295
  m_RenderingLayerMask: 1
  m_Lightmapping: 1
  m_LightShadowCasterMode: 0
  m_AreaSize: {x: 1, y: 1}
  m_BounceIntensity: 1
  m_ColorTemperature: 6570
  m_UseColorTemperature: 0
  m_BoundingSphereOverride: {x: 0, y: 0, z: 0, w: 0}
  m_UseBoundingSphereOverride: 0
  m_ShadowRadius: 0
  m_ShadowAngle: 0
--- !u!4 &705507995
Transform:
  m_ObjectHideFlags: 0
  m_CorrespondingSourceObject: {fileID: 0}
  m_PrefabInstance: {fileID: 0}
  m_PrefabAsset: {fileID: 0}
  m_GameObject: {fileID: 705507993}
  m_LocalRotation: {x: 0.40821788, y: -0.23456968, z: 0.10938163, w: 0.8754261}
  m_LocalPosition: {x: 0, y: 3, z: 0}
  m_LocalScale: {x: 1, y: 1, z: 1}
  m_Children: []
  m_Father: {fileID: 0}
  m_RootOrder: 2
  m_LocalEulerAnglesHint: {x: 50, y: -30, z: 0}
--- !u!1 &744941397
GameObject:
  m_ObjectHideFlags: 0
  m_CorrespondingSourceObject: {fileID: 0}
  m_PrefabInstance: {fileID: 0}
  m_PrefabAsset: {fileID: 0}
  serializedVersion: 6
  m_Component:
  - component: {fileID: 744941398}
  - component: {fileID: 744941402}
  - component: {fileID: 744941401}
  - component: {fileID: 744941400}
  - component: {fileID: 744941399}
  m_Layer: 0
  m_Name: Main Camera
  m_TagString: MainCamera
  m_Icon: {fileID: 0}
  m_NavMeshLayer: 0
  m_StaticEditorFlags: 0
  m_IsActive: 1
--- !u!4 &744941398
Transform:
  m_ObjectHideFlags: 0
  m_CorrespondingSourceObject: {fileID: 0}
  m_PrefabInstance: {fileID: 0}
  m_PrefabAsset: {fileID: 0}
  m_GameObject: {fileID: 744941397}
  m_LocalRotation: {x: 0.13052616, y: -0, z: -0, w: 0.9914449}
  m_LocalPosition: {x: 0, y: 0.644, z: -1.0710001}
  m_LocalScale: {x: 1, y: 1, z: 1}
  m_Children: []
  m_Father: {fileID: 243179098}
  m_RootOrder: 1
  m_LocalEulerAnglesHint: {x: 15, y: 0, z: 0}
--- !u!1183024399 &744941399
LookAtConstraint:
  m_ObjectHideFlags: 0
  m_CorrespondingSourceObject: {fileID: 0}
  m_PrefabInstance: {fileID: 0}
  m_PrefabAsset: {fileID: 0}
  m_GameObject: {fileID: 744941397}
  m_Enabled: 1
  m_Weight: 1
  m_RotationAtRest: {x: 0, y: 0, z: 0}
  m_RotationOffset: {x: 0, y: 0, z: 0}
  m_Roll: 0
  m_WorldUpObject: {fileID: 0}
  m_UseUpObject: 0
  m_IsContraintActive: 0
  m_IsLocked: 0
  m_Sources:
  - sourceTransform: {fileID: 0}
    weight: 1
--- !u!54 &744941400
Rigidbody:
  m_ObjectHideFlags: 0
  m_CorrespondingSourceObject: {fileID: 0}
  m_PrefabInstance: {fileID: 0}
  m_PrefabAsset: {fileID: 0}
  m_GameObject: {fileID: 744941397}
  serializedVersion: 2
  m_Mass: 1
  m_Drag: 0
  m_AngularDrag: 0.05
  m_UseGravity: 0
  m_IsKinematic: 0
  m_Interpolate: 0
  m_Constraints: 0
  m_CollisionDetection: 0
--- !u!81 &744941401
AudioListener:
  m_ObjectHideFlags: 0
  m_CorrespondingSourceObject: {fileID: 0}
  m_PrefabInstance: {fileID: 0}
  m_PrefabAsset: {fileID: 0}
  m_GameObject: {fileID: 744941397}
  m_Enabled: 1
--- !u!20 &744941402
Camera:
  m_ObjectHideFlags: 0
  m_CorrespondingSourceObject: {fileID: 0}
  m_PrefabInstance: {fileID: 0}
  m_PrefabAsset: {fileID: 0}
  m_GameObject: {fileID: 744941397}
  m_Enabled: 1
  serializedVersion: 2
  m_ClearFlags: 1
  m_BackGroundColor: {r: 0.19215687, g: 0.3019608, b: 0.4745098, a: 0}
  m_projectionMatrixMode: 1
  m_GateFitMode: 2
  m_FOVAxisMode: 0
  m_SensorSize: {x: 36, y: 24}
  m_LensShift: {x: 0, y: 0}
  m_FocalLength: 50
  m_NormalizedViewPortRect:
    serializedVersion: 2
    x: 0
    y: 0
    width: 1
    height: 1
  near clip plane: 0.3
  far clip plane: 1000
  field of view: 60
  orthographic: 0
  orthographic size: 5
  m_Depth: -1
  m_CullingMask:
    serializedVersion: 2
    m_Bits: 4294967295
  m_RenderingPath: -1
  m_TargetTexture: {fileID: 0}
  m_TargetDisplay: 0
  m_TargetEye: 3
  m_HDR: 1
  m_AllowMSAA: 1
  m_AllowDynamicResolution: 0
  m_ForceIntoRT: 0
  m_OcclusionCulling: 1
  m_StereoConvergence: 10
  m_StereoSeparation: 0.022
--- !u!1 &849763942
GameObject:
  m_ObjectHideFlags: 0
  m_CorrespondingSourceObject: {fileID: 0}
  m_PrefabInstance: {fileID: 0}
  m_PrefabAsset: {fileID: 0}
  serializedVersion: 6
  m_Component:
  - component: {fileID: 849763943}
  - component: {fileID: 849763945}
  - component: {fileID: 849763944}
  m_Layer: 5
  m_Name: Par
  m_TagString: Untagged
  m_Icon: {fileID: 0}
  m_NavMeshLayer: 0
  m_StaticEditorFlags: 0
  m_IsActive: 1
--- !u!224 &849763943
RectTransform:
  m_ObjectHideFlags: 0
  m_CorrespondingSourceObject: {fileID: 0}
  m_PrefabInstance: {fileID: 0}
  m_PrefabAsset: {fileID: 0}
  m_GameObject: {fileID: 849763942}
  m_LocalRotation: {x: 0, y: 0, z: 0, w: 1}
  m_LocalPosition: {x: 0, y: 0, z: 0}
  m_LocalScale: {x: 4, y: 4, z: 1}
  m_Children: []
  m_Father: {fileID: 1821900153}
  m_RootOrder: 2
  m_LocalEulerAnglesHint: {x: 0, y: 0, z: 0}
  m_AnchorMin: {x: 0.5, y: 0.5}
  m_AnchorMax: {x: 0.5, y: 0.5}
  m_AnchoredPosition: {x: 39, y: -32}
  m_SizeDelta: {x: 30, y: 20}
  m_Pivot: {x: 0.5, y: 0.5}
--- !u!114 &849763944
MonoBehaviour:
  m_ObjectHideFlags: 0
  m_CorrespondingSourceObject: {fileID: 0}
  m_PrefabInstance: {fileID: 0}
  m_PrefabAsset: {fileID: 0}
  m_GameObject: {fileID: 849763942}
  m_Enabled: 1
  m_EditorHideFlags: 0
  m_Script: {fileID: 11500000, guid: 5f7201a12d95ffc409449d95f23cf332, type: 3}
  m_Name: 
  m_EditorClassIdentifier: 
  m_Material: {fileID: 0}
  m_Color: {r: 0.19607843, g: 0.19607843, b: 0.19607843, a: 1}
  m_RaycastTarget: 1
  m_OnCullStateChanged:
    m_PersistentCalls:
      m_Calls: []
  m_FontData:
    m_Font: {fileID: 10102, guid: 0000000000000000e000000000000000, type: 0}
    m_FontSize: 14
    m_FontStyle: 0
    m_BestFit: 0
    m_MinSize: 10
    m_MaxSize: 40
    m_Alignment: 0
    m_AlignByGeometry: 0
    m_RichText: 1
    m_HorizontalOverflow: 0
    m_VerticalOverflow: 0
    m_LineSpacing: 1
  m_Text: 'Par: '
--- !u!222 &849763945
CanvasRenderer:
  m_ObjectHideFlags: 0
  m_CorrespondingSourceObject: {fileID: 0}
  m_PrefabInstance: {fileID: 0}
  m_PrefabAsset: {fileID: 0}
  m_GameObject: {fileID: 849763942}
  m_CullTransparentMesh: 0
--- !u!1001 &887145179
PrefabInstance:
  m_ObjectHideFlags: 0
  serializedVersion: 2
  m_Modification:
    m_TransformParent: {fileID: 280968028}
    m_Modifications:
    - target: {fileID: 117518, guid: 0274034be7faa044d98151f0e757656c, type: 3}
      propertyPath: m_Name
      value: pref_Flag_01
      objectReference: {fileID: 0}
    - target: {fileID: 438270, guid: 0274034be7faa044d98151f0e757656c, type: 3}
      propertyPath: m_LocalPosition.x
      value: 2.564
      objectReference: {fileID: 0}
    - target: {fileID: 438270, guid: 0274034be7faa044d98151f0e757656c, type: 3}
      propertyPath: m_LocalPosition.y
      value: -1.7407
      objectReference: {fileID: 0}
    - target: {fileID: 438270, guid: 0274034be7faa044d98151f0e757656c, type: 3}
      propertyPath: m_LocalPosition.z
      value: -2.491
      objectReference: {fileID: 0}
    - target: {fileID: 438270, guid: 0274034be7faa044d98151f0e757656c, type: 3}
      propertyPath: m_LocalRotation.x
      value: -0
      objectReference: {fileID: 0}
    - target: {fileID: 438270, guid: 0274034be7faa044d98151f0e757656c, type: 3}
      propertyPath: m_LocalRotation.y
      value: -0.7071068
      objectReference: {fileID: 0}
    - target: {fileID: 438270, guid: 0274034be7faa044d98151f0e757656c, type: 3}
      propertyPath: m_LocalRotation.z
      value: -0
      objectReference: {fileID: 0}
    - target: {fileID: 438270, guid: 0274034be7faa044d98151f0e757656c, type: 3}
      propertyPath: m_LocalRotation.w
      value: 0.7071068
      objectReference: {fileID: 0}
    - target: {fileID: 438270, guid: 0274034be7faa044d98151f0e757656c, type: 3}
      propertyPath: m_RootOrder
      value: 5
      objectReference: {fileID: 0}
    - target: {fileID: 438270, guid: 0274034be7faa044d98151f0e757656c, type: 3}
      propertyPath: m_LocalEulerAnglesHint.x
      value: 0
      objectReference: {fileID: 0}
    - target: {fileID: 438270, guid: 0274034be7faa044d98151f0e757656c, type: 3}
      propertyPath: m_LocalEulerAnglesHint.y
      value: 90
      objectReference: {fileID: 0}
    - target: {fileID: 438270, guid: 0274034be7faa044d98151f0e757656c, type: 3}
      propertyPath: m_LocalEulerAnglesHint.z
      value: 0
      objectReference: {fileID: 0}
    - target: {fileID: 2326612, guid: 0274034be7faa044d98151f0e757656c, type: 3}
      propertyPath: m_Enabled
      value: 1
      objectReference: {fileID: 0}
    - target: {fileID: 6492610, guid: 0274034be7faa044d98151f0e757656c, type: 3}
      propertyPath: m_Enabled
      value: 0
      objectReference: {fileID: 0}
    m_RemovedComponents: []
  m_SourcePrefab: {fileID: 100100000, guid: 0274034be7faa044d98151f0e757656c, type: 3}
--- !u!1 &895053134
GameObject:
  m_ObjectHideFlags: 0
  m_CorrespondingSourceObject: {fileID: 0}
  m_PrefabInstance: {fileID: 0}
  m_PrefabAsset: {fileID: 0}
  serializedVersion: 6
  m_Component:
  - component: {fileID: 895053135}
  - component: {fileID: 895053138}
  - component: {fileID: 895053137}
  - component: {fileID: 895053136}
  m_Layer: 0
  m_Name: hole02trigger
  m_TagString: Untagged
  m_Icon: {fileID: 0}
  m_NavMeshLayer: 0
  m_StaticEditorFlags: 0
  m_IsActive: 1
--- !u!4 &895053135
Transform:
  m_ObjectHideFlags: 0
  m_CorrespondingSourceObject: {fileID: 0}
  m_PrefabInstance: {fileID: 0}
  m_PrefabAsset: {fileID: 0}
  m_GameObject: {fileID: 895053134}
  m_LocalRotation: {x: 0, y: 0, z: 0, w: 1}
  m_LocalPosition: {x: 0, y: -0.01, z: 0}
  m_LocalScale: {x: 1, y: 1, z: 1}
  m_Children: []
  m_Father: {fileID: 281893809}
  m_RootOrder: 1
  m_LocalEulerAnglesHint: {x: 0, y: 0, z: 0}
--- !u!64 &895053136
MeshCollider:
  m_ObjectHideFlags: 0
  m_CorrespondingSourceObject: {fileID: 0}
  m_PrefabInstance: {fileID: 0}
  m_PrefabAsset: {fileID: 0}
  m_GameObject: {fileID: 895053134}
  m_Material: {fileID: 0}
  m_IsTrigger: 1
  m_Enabled: 1
  serializedVersion: 3
  m_Convex: 1
  m_CookingOptions: 30
  m_Mesh: {fileID: 4300000, guid: 2ce4a02814615914bb32cddfa7ff57b6, type: 3}
--- !u!23 &895053137
MeshRenderer:
  m_ObjectHideFlags: 0
  m_CorrespondingSourceObject: {fileID: 0}
  m_PrefabInstance: {fileID: 0}
  m_PrefabAsset: {fileID: 0}
  m_GameObject: {fileID: 895053134}
  m_Enabled: 1
  m_CastShadows: 1
  m_ReceiveShadows: 1
  m_DynamicOccludee: 1
  m_MotionVectors: 1
  m_LightProbeUsage: 1
  m_ReflectionProbeUsage: 1
  m_RayTracingMode: 2
  m_RenderingLayerMask: 1
  m_RendererPriority: 0
  m_Materials:
  - {fileID: 2100000, guid: 38fd9e4be6238024eafc5fcdd8974537, type: 2}
  m_StaticBatchInfo:
    firstSubMesh: 0
    subMeshCount: 0
  m_StaticBatchRoot: {fileID: 0}
  m_ProbeAnchor: {fileID: 0}
  m_LightProbeVolumeOverride: {fileID: 0}
  m_ScaleInLightmap: 1
  m_ReceiveGI: 1
  m_PreserveUVs: 0
  m_IgnoreNormalsForChartDetection: 0
  m_ImportantGI: 0
  m_StitchLightmapSeams: 1
  m_SelectedEditorRenderState: 3
  m_MinimumChartSize: 4
  m_AutoUVMaxDistance: 0.5
  m_AutoUVMaxAngle: 89
  m_LightmapParameters: {fileID: 0}
  m_SortingLayerID: 0
  m_SortingLayer: 0
  m_SortingOrder: 0
--- !u!33 &895053138
MeshFilter:
  m_ObjectHideFlags: 0
  m_CorrespondingSourceObject: {fileID: 0}
  m_PrefabInstance: {fileID: 0}
  m_PrefabAsset: {fileID: 0}
  m_GameObject: {fileID: 895053134}
  m_Mesh: {fileID: 4300000, guid: 1dcdc1f1ba3c7c84b9174b66e843dbfa, type: 3}
--- !u!1001 &1037734652
PrefabInstance:
  m_ObjectHideFlags: 0
  serializedVersion: 2
  m_Modification:
    m_TransformParent: {fileID: 0}
    m_Modifications:
    - target: {fileID: 586142881538362599, guid: 127e6aa74ff904800ad1c16dcd1103e1,
        type: 3}
      propertyPath: m_Name
      value: Scoreboard UI
      objectReference: {fileID: 0}
    - target: {fileID: 5688790233757937082, guid: 127e6aa74ff904800ad1c16dcd1103e1,
        type: 3}
      propertyPath: m_LocalPosition.x
      value: 0
      objectReference: {fileID: 0}
    - target: {fileID: 5688790233757937082, guid: 127e6aa74ff904800ad1c16dcd1103e1,
        type: 3}
      propertyPath: m_LocalPosition.y
      value: 0
      objectReference: {fileID: 0}
    - target: {fileID: 5688790233757937082, guid: 127e6aa74ff904800ad1c16dcd1103e1,
        type: 3}
      propertyPath: m_LocalPosition.z
      value: 0
      objectReference: {fileID: 0}
    - target: {fileID: 5688790233757937082, guid: 127e6aa74ff904800ad1c16dcd1103e1,
        type: 3}
      propertyPath: m_LocalRotation.x
      value: 0
      objectReference: {fileID: 0}
    - target: {fileID: 5688790233757937082, guid: 127e6aa74ff904800ad1c16dcd1103e1,
        type: 3}
      propertyPath: m_LocalRotation.y
      value: 0
      objectReference: {fileID: 0}
    - target: {fileID: 5688790233757937082, guid: 127e6aa74ff904800ad1c16dcd1103e1,
        type: 3}
      propertyPath: m_LocalRotation.z
      value: 0
      objectReference: {fileID: 0}
    - target: {fileID: 5688790233757937082, guid: 127e6aa74ff904800ad1c16dcd1103e1,
        type: 3}
      propertyPath: m_LocalRotation.w
      value: 1
      objectReference: {fileID: 0}
    - target: {fileID: 5688790233757937082, guid: 127e6aa74ff904800ad1c16dcd1103e1,
        type: 3}
      propertyPath: m_RootOrder
      value: 5
      objectReference: {fileID: 0}
    - target: {fileID: 5688790233757937082, guid: 127e6aa74ff904800ad1c16dcd1103e1,
        type: 3}
      propertyPath: m_LocalEulerAnglesHint.x
      value: 0
      objectReference: {fileID: 0}
    - target: {fileID: 5688790233757937082, guid: 127e6aa74ff904800ad1c16dcd1103e1,
        type: 3}
      propertyPath: m_LocalEulerAnglesHint.y
      value: 0
      objectReference: {fileID: 0}
    - target: {fileID: 5688790233757937082, guid: 127e6aa74ff904800ad1c16dcd1103e1,
        type: 3}
      propertyPath: m_LocalEulerAnglesHint.z
      value: 0
      objectReference: {fileID: 0}
    - target: {fileID: 5688790233757937082, guid: 127e6aa74ff904800ad1c16dcd1103e1,
        type: 3}
      propertyPath: m_AnchoredPosition.x
      value: 0
      objectReference: {fileID: 0}
    - target: {fileID: 5688790233757937082, guid: 127e6aa74ff904800ad1c16dcd1103e1,
        type: 3}
      propertyPath: m_AnchoredPosition.y
      value: 0
      objectReference: {fileID: 0}
    - target: {fileID: 5688790233757937082, guid: 127e6aa74ff904800ad1c16dcd1103e1,
        type: 3}
      propertyPath: m_SizeDelta.x
      value: 0
      objectReference: {fileID: 0}
    - target: {fileID: 5688790233757937082, guid: 127e6aa74ff904800ad1c16dcd1103e1,
        type: 3}
      propertyPath: m_SizeDelta.y
      value: 0
      objectReference: {fileID: 0}
    - target: {fileID: 5688790233757937082, guid: 127e6aa74ff904800ad1c16dcd1103e1,
        type: 3}
      propertyPath: m_AnchorMin.x
      value: 0
      objectReference: {fileID: 0}
    - target: {fileID: 5688790233757937082, guid: 127e6aa74ff904800ad1c16dcd1103e1,
        type: 3}
      propertyPath: m_AnchorMin.y
      value: 0
      objectReference: {fileID: 0}
    - target: {fileID: 5688790233757937082, guid: 127e6aa74ff904800ad1c16dcd1103e1,
        type: 3}
      propertyPath: m_AnchorMax.x
      value: 0
      objectReference: {fileID: 0}
    - target: {fileID: 5688790233757937082, guid: 127e6aa74ff904800ad1c16dcd1103e1,
        type: 3}
      propertyPath: m_AnchorMax.y
      value: 0
      objectReference: {fileID: 0}
    - target: {fileID: 5688790233757937082, guid: 127e6aa74ff904800ad1c16dcd1103e1,
        type: 3}
      propertyPath: m_Pivot.x
      value: 0
      objectReference: {fileID: 0}
    - target: {fileID: 5688790233757937082, guid: 127e6aa74ff904800ad1c16dcd1103e1,
        type: 3}
      propertyPath: m_Pivot.y
      value: 0
      objectReference: {fileID: 0}
    - target: {fileID: 7601236790626646457, guid: 127e6aa74ff904800ad1c16dcd1103e1,
        type: 3}
      propertyPath: m_OnClick.m_PersistentCalls.m_Calls.Array.data[0].m_Target
      value: 
      objectReference: {fileID: 1037734657}
    - target: {fileID: 7601236790626646457, guid: 127e6aa74ff904800ad1c16dcd1103e1,
        type: 3}
      propertyPath: m_OnClick.m_PersistentCalls.m_Calls.Array.data[0].m_MethodName
      value: Continue
      objectReference: {fileID: 0}
    m_RemovedComponents: []
  m_SourcePrefab: {fileID: 100100000, guid: 127e6aa74ff904800ad1c16dcd1103e1, type: 3}
--- !u!223 &1037734653 stripped
Canvas:
  m_CorrespondingSourceObject: {fileID: 7488577981017008353, guid: 127e6aa74ff904800ad1c16dcd1103e1,
    type: 3}
  m_PrefabInstance: {fileID: 1037734652}
  m_PrefabAsset: {fileID: 0}
--- !u!114 &1037734654 stripped
MonoBehaviour:
  m_CorrespondingSourceObject: {fileID: 4812606849686144919, guid: 127e6aa74ff904800ad1c16dcd1103e1,
    type: 3}
  m_PrefabInstance: {fileID: 1037734652}
  m_PrefabAsset: {fileID: 0}
  m_GameObject: {fileID: 0}
  m_Enabled: 1
  m_EditorHideFlags: 0
  m_Script: {fileID: 11500000, guid: 5f7201a12d95ffc409449d95f23cf332, type: 3}
  m_Name: 
  m_EditorClassIdentifier: 
--- !u!114 &1037734655 stripped
MonoBehaviour:
  m_CorrespondingSourceObject: {fileID: 7488577981177617815, guid: 127e6aa74ff904800ad1c16dcd1103e1,
    type: 3}
  m_PrefabInstance: {fileID: 1037734652}
  m_PrefabAsset: {fileID: 0}
  m_GameObject: {fileID: 0}
  m_Enabled: 1
  m_EditorHideFlags: 0
  m_Script: {fileID: 11500000, guid: 5f7201a12d95ffc409449d95f23cf332, type: 3}
  m_Name: 
  m_EditorClassIdentifier: 
--- !u!114 &1037734656 stripped
MonoBehaviour:
  m_CorrespondingSourceObject: {fileID: 7488577979719110776, guid: 127e6aa74ff904800ad1c16dcd1103e1,
    type: 3}
  m_PrefabInstance: {fileID: 1037734652}
  m_PrefabAsset: {fileID: 0}
  m_GameObject: {fileID: 0}
  m_Enabled: 1
  m_EditorHideFlags: 0
  m_Script: {fileID: 11500000, guid: 5f7201a12d95ffc409449d95f23cf332, type: 3}
  m_Name: 
  m_EditorClassIdentifier: 
--- !u!114 &1037734657 stripped
MonoBehaviour:
  m_CorrespondingSourceObject: {fileID: 7310338517141761872, guid: 127e6aa74ff904800ad1c16dcd1103e1,
    type: 3}
  m_PrefabInstance: {fileID: 1037734652}
  m_PrefabAsset: {fileID: 0}
  m_GameObject: {fileID: 0}
  m_Enabled: 1
  m_EditorHideFlags: 0
  m_Script: {fileID: 11500000, guid: 4a488f474770c480b9f922e074ed7530, type: 3}
  m_Name: 
  m_EditorClassIdentifier: 
--- !u!1 &1068863465
GameObject:
  m_ObjectHideFlags: 0
  m_CorrespondingSourceObject: {fileID: 0}
  m_PrefabInstance: {fileID: 0}
  m_PrefabAsset: {fileID: 0}
  serializedVersion: 6
  m_Component:
  - component: {fileID: 1068863466}
  - component: {fileID: 1068863468}
  - component: {fileID: 1068863467}
  m_Layer: 5
  m_Name: Stroke
  m_TagString: Untagged
  m_Icon: {fileID: 0}
  m_NavMeshLayer: 0
  m_StaticEditorFlags: 0
  m_IsActive: 1
--- !u!224 &1068863466
RectTransform:
  m_ObjectHideFlags: 0
  m_CorrespondingSourceObject: {fileID: 0}
  m_PrefabInstance: {fileID: 0}
  m_PrefabAsset: {fileID: 0}
  m_GameObject: {fileID: 1068863465}
  m_LocalRotation: {x: 0, y: 0, z: 0, w: 1}
  m_LocalPosition: {x: 0, y: 0, z: 0}
  m_LocalScale: {x: 4, y: 4, z: 1}
  m_Children: []
  m_Father: {fileID: 1821900153}
  m_RootOrder: 4
  m_LocalEulerAnglesHint: {x: 0, y: 0, z: 0}
  m_AnchorMin: {x: 0.5, y: 0.5}
  m_AnchorMax: {x: 0.5, y: 0.5}
  m_AnchoredPosition: {x: 78, y: -100}
  m_SizeDelta: {x: 50, y: 20}
  m_Pivot: {x: 0.5, y: 0.5}
--- !u!114 &1068863467
MonoBehaviour:
  m_ObjectHideFlags: 0
  m_CorrespondingSourceObject: {fileID: 0}
  m_PrefabInstance: {fileID: 0}
  m_PrefabAsset: {fileID: 0}
  m_GameObject: {fileID: 1068863465}
  m_Enabled: 1
  m_EditorHideFlags: 0
  m_Script: {fileID: 11500000, guid: 5f7201a12d95ffc409449d95f23cf332, type: 3}
  m_Name: 
  m_EditorClassIdentifier: 
  m_Material: {fileID: 0}
  m_Color: {r: 0.19607843, g: 0.19607843, b: 0.19607843, a: 1}
  m_RaycastTarget: 1
  m_OnCullStateChanged:
    m_PersistentCalls:
      m_Calls: []
  m_FontData:
    m_Font: {fileID: 10102, guid: 0000000000000000e000000000000000, type: 0}
    m_FontSize: 14
    m_FontStyle: 0
    m_BestFit: 0
    m_MinSize: 10
    m_MaxSize: 40
    m_Alignment: 0
    m_AlignByGeometry: 0
    m_RichText: 1
    m_HorizontalOverflow: 0
    m_VerticalOverflow: 0
    m_LineSpacing: 1
  m_Text: 'Stroke:'
--- !u!222 &1068863468
CanvasRenderer:
  m_ObjectHideFlags: 0
  m_CorrespondingSourceObject: {fileID: 0}
  m_PrefabInstance: {fileID: 0}
  m_PrefabAsset: {fileID: 0}
  m_GameObject: {fileID: 1068863465}
  m_CullTransparentMesh: 0
--- !u!1001 &1135505310
PrefabInstance:
  m_ObjectHideFlags: 0
  serializedVersion: 2
  m_Modification:
    m_TransformParent: {fileID: 0}
    m_Modifications:
    - target: {fileID: 0}
      propertyPath: maincamera
      value: 
      objectReference: {fileID: 744941402}
    - target: {fileID: 0}
      propertyPath: Flag
      value: 
      objectReference: {fileID: 0}
    - target: {fileID: 9169130505122175445, guid: 5c656087e56134f6bb80a20f5c5d46e5,
        type: 3}
      propertyPath: m_LocalPosition.x
      value: 0
      objectReference: {fileID: 0}
    - target: {fileID: 9169130505122175445, guid: 5c656087e56134f6bb80a20f5c5d46e5,
        type: 3}
      propertyPath: m_LocalPosition.y
      value: 1.2
      objectReference: {fileID: 0}
    - target: {fileID: 9169130505122175445, guid: 5c656087e56134f6bb80a20f5c5d46e5,
        type: 3}
      propertyPath: m_LocalPosition.z
      value: -0.883
      objectReference: {fileID: 0}
    - target: {fileID: 9169130505122175445, guid: 5c656087e56134f6bb80a20f5c5d46e5,
        type: 3}
      propertyPath: m_LocalRotation.x
      value: 0
      objectReference: {fileID: 0}
    - target: {fileID: 9169130505122175445, guid: 5c656087e56134f6bb80a20f5c5d46e5,
        type: 3}
      propertyPath: m_LocalRotation.y
      value: 1
      objectReference: {fileID: 0}
    - target: {fileID: 9169130505122175445, guid: 5c656087e56134f6bb80a20f5c5d46e5,
        type: 3}
      propertyPath: m_LocalRotation.z
      value: 0
      objectReference: {fileID: 0}
    - target: {fileID: 9169130505122175445, guid: 5c656087e56134f6bb80a20f5c5d46e5,
        type: 3}
      propertyPath: m_LocalRotation.w
      value: 0
      objectReference: {fileID: 0}
    - target: {fileID: 9169130505122175445, guid: 5c656087e56134f6bb80a20f5c5d46e5,
        type: 3}
      propertyPath: m_RootOrder
      value: 1
      objectReference: {fileID: 0}
    - target: {fileID: 9169130505122175445, guid: 5c656087e56134f6bb80a20f5c5d46e5,
        type: 3}
      propertyPath: m_LocalEulerAnglesHint.x
      value: 0
      objectReference: {fileID: 0}
    - target: {fileID: 9169130505122175445, guid: 5c656087e56134f6bb80a20f5c5d46e5,
        type: 3}
      propertyPath: m_LocalEulerAnglesHint.y
      value: 180
      objectReference: {fileID: 0}
    - target: {fileID: 9169130505122175445, guid: 5c656087e56134f6bb80a20f5c5d46e5,
        type: 3}
      propertyPath: m_LocalEulerAnglesHint.z
      value: 0
      objectReference: {fileID: 0}
    - target: {fileID: 9169130505122452223, guid: 5c656087e56134f6bb80a20f5c5d46e5,
        type: 3}
      propertyPath: m_Name
      value: Ball
      objectReference: {fileID: 0}
    - target: {fileID: 9169130505135238457, guid: 5c656087e56134f6bb80a20f5c5d46e5,
        type: 3}
      propertyPath: m_Radius
      value: 0.06
      objectReference: {fileID: 0}
    - target: {fileID: 9169130506068144217, guid: 5c656087e56134f6bb80a20f5c5d46e5,
        type: 3}
      propertyPath: m_Mass
      value: 1
      objectReference: {fileID: 0}
    - target: {fileID: 9169130506068144217, guid: 5c656087e56134f6bb80a20f5c5d46e5,
        type: 3}
      propertyPath: m_CollisionDetection
      value: 1
      objectReference: {fileID: 0}
    - target: {fileID: 9169130506068144217, guid: 5c656087e56134f6bb80a20f5c5d46e5,
        type: 3}
      propertyPath: m_Constraints
      value: 16
      objectReference: {fileID: 0}
    m_RemovedComponents: []
  m_SourcePrefab: {fileID: 100100000, guid: 5c656087e56134f6bb80a20f5c5d46e5, type: 3}
--- !u!1 &1161095229
GameObject:
  m_ObjectHideFlags: 0
  m_CorrespondingSourceObject: {fileID: 0}
  m_PrefabInstance: {fileID: 0}
  m_PrefabAsset: {fileID: 0}
  serializedVersion: 6
  m_Component:
  - component: {fileID: 1161095230}
  - component: {fileID: 1161095233}
  - component: {fileID: 1161095232}
  - component: {fileID: 1161095231}
  m_Layer: 5
  m_Name: UI
  m_TagString: Untagged
  m_Icon: {fileID: 0}
  m_NavMeshLayer: 0
  m_StaticEditorFlags: 0
  m_IsActive: 1
--- !u!224 &1161095230
RectTransform:
  m_ObjectHideFlags: 0
  m_CorrespondingSourceObject: {fileID: 0}
  m_PrefabInstance: {fileID: 0}
  m_PrefabAsset: {fileID: 0}
  m_GameObject: {fileID: 1161095229}
  m_LocalRotation: {x: 0, y: 0, z: 0, w: 1}
  m_LocalPosition: {x: 0, y: 0, z: 0}
  m_LocalScale: {x: 0, y: 0, z: 0}
  m_Children:
  - {fileID: 1821900153}
  m_Father: {fileID: 0}
  m_RootOrder: 4
  m_LocalEulerAnglesHint: {x: 0, y: 0, z: 0}
  m_AnchorMin: {x: 0, y: 0}
  m_AnchorMax: {x: 0, y: 0}
  m_AnchoredPosition: {x: 0, y: 0}
  m_SizeDelta: {x: 0, y: 0}
  m_Pivot: {x: 0, y: 0}
--- !u!114 &1161095231
MonoBehaviour:
  m_ObjectHideFlags: 0
  m_CorrespondingSourceObject: {fileID: 0}
  m_PrefabInstance: {fileID: 0}
  m_PrefabAsset: {fileID: 0}
  m_GameObject: {fileID: 1161095229}
  m_Enabled: 1
  m_EditorHideFlags: 0
  m_Script: {fileID: 11500000, guid: dc42784cf147c0c48a680349fa168899, type: 3}
  m_Name: 
  m_EditorClassIdentifier: 
  m_IgnoreReversedGraphics: 1
  m_BlockingObjects: 0
  m_BlockingMask:
    serializedVersion: 2
    m_Bits: 4294967295
--- !u!114 &1161095232
MonoBehaviour:
  m_ObjectHideFlags: 0
  m_CorrespondingSourceObject: {fileID: 0}
  m_PrefabInstance: {fileID: 0}
  m_PrefabAsset: {fileID: 0}
  m_GameObject: {fileID: 1161095229}
  m_Enabled: 1
  m_EditorHideFlags: 0
  m_Script: {fileID: 11500000, guid: 0cd44c1031e13a943bb63640046fad76, type: 3}
  m_Name: 
  m_EditorClassIdentifier: 
  m_UiScaleMode: 0
  m_ReferencePixelsPerUnit: 10
  m_ScaleFactor: 1
  m_ReferenceResolution: {x: 800, y: 600}
  m_ScreenMatchMode: 0
  m_MatchWidthOrHeight: 0
  m_PhysicalUnit: 3
  m_FallbackScreenDPI: 96
  m_DefaultSpriteDPI: 96
  m_DynamicPixelsPerUnit: 1
--- !u!223 &1161095233
Canvas:
  m_ObjectHideFlags: 0
  m_CorrespondingSourceObject: {fileID: 0}
  m_PrefabInstance: {fileID: 0}
  m_PrefabAsset: {fileID: 0}
  m_GameObject: {fileID: 1161095229}
  m_Enabled: 1
  serializedVersion: 3
  m_RenderMode: 0
  m_Camera: {fileID: 0}
  m_PlaneDistance: 100
  m_PixelPerfect: 0
  m_ReceivesEvents: 1
  m_OverrideSorting: 0
  m_OverridePixelPerfect: 0
  m_SortingBucketNormalizedSize: 0
  m_AdditionalShaderChannelsFlag: 0
  m_SortingLayerID: 0
  m_SortingOrder: 0
  m_TargetDisplay: 0
--- !u!1 &1245942873
GameObject:
  m_ObjectHideFlags: 0
  m_CorrespondingSourceObject: {fileID: 0}
  m_PrefabInstance: {fileID: 0}
  m_PrefabAsset: {fileID: 0}
  serializedVersion: 6
  m_Component:
  - component: {fileID: 1245942874}
  - component: {fileID: 1245942875}
  - component: {fileID: 1245942876}
  m_Layer: 5
  m_Name: Par#
  m_TagString: Untagged
  m_Icon: {fileID: 0}
  m_NavMeshLayer: 0
  m_StaticEditorFlags: 0
  m_IsActive: 1
--- !u!224 &1245942874
RectTransform:
  m_ObjectHideFlags: 0
  m_CorrespondingSourceObject: {fileID: 0}
  m_PrefabInstance: {fileID: 0}
  m_PrefabAsset: {fileID: 0}
  m_GameObject: {fileID: 1245942873}
  m_LocalRotation: {x: 0, y: 0, z: 0, w: 1}
  m_LocalPosition: {x: 0, y: 0, z: 0}
  m_LocalScale: {x: 4, y: 4, z: 1}
  m_Children: []
  m_Father: {fileID: 1821900153}
  m_RootOrder: 3
  m_LocalEulerAnglesHint: {x: 0, y: 0, z: 0}
  m_AnchorMin: {x: 0.5, y: 0.5}
  m_AnchorMax: {x: 0.5, y: 0.5}
  m_AnchoredPosition: {x: 187, y: -37}
  m_SizeDelta: {x: 40, y: 20}
  m_Pivot: {x: 0.5, y: 0.5}
--- !u!222 &1245942875
CanvasRenderer:
  m_ObjectHideFlags: 0
  m_CorrespondingSourceObject: {fileID: 0}
  m_PrefabInstance: {fileID: 0}
  m_PrefabAsset: {fileID: 0}
  m_GameObject: {fileID: 1245942873}
  m_CullTransparentMesh: 0
--- !u!114 &1245942876
MonoBehaviour:
  m_ObjectHideFlags: 0
  m_CorrespondingSourceObject: {fileID: 0}
  m_PrefabInstance: {fileID: 0}
  m_PrefabAsset: {fileID: 0}
  m_GameObject: {fileID: 1245942873}
  m_Enabled: 1
  m_EditorHideFlags: 0
  m_Script: {fileID: 11500000, guid: 5f7201a12d95ffc409449d95f23cf332, type: 3}
  m_Name: 
  m_EditorClassIdentifier: 
  m_Material: {fileID: 0}
  m_Color: {r: 0.058873262, g: 0.5943396, b: 0.2313726, a: 1}
  m_RaycastTarget: 1
  m_OnCullStateChanged:
    m_PersistentCalls:
      m_Calls: []
  m_FontData:
    m_Font: {fileID: 10102, guid: 0000000000000000e000000000000000, type: 0}
    m_FontSize: 14
    m_FontStyle: 0
    m_BestFit: 0
    m_MinSize: 10
    m_MaxSize: 40
    m_Alignment: 0
    m_AlignByGeometry: 0
    m_RichText: 1
    m_HorizontalOverflow: 0
    m_VerticalOverflow: 0
    m_LineSpacing: 1
  m_Text: 0
--- !u!1001 &1280981937
PrefabInstance:
  m_ObjectHideFlags: 0
  serializedVersion: 2
  m_Modification:
    m_TransformParent: {fileID: 280968028}
    m_Modifications:
    - target: {fileID: 110470, guid: d0843cf5a616eb34cbce78b78479d6c5, type: 3}
      propertyPath: m_Name
      value: pref_TrackGrassStraight_01
      objectReference: {fileID: 0}
    - target: {fileID: 461210, guid: d0843cf5a616eb34cbce78b78479d6c5, type: 3}
      propertyPath: m_LocalPosition.x
      value: 0
      objectReference: {fileID: 0}
    - target: {fileID: 461210, guid: d0843cf5a616eb34cbce78b78479d6c5, type: 3}
      propertyPath: m_LocalPosition.y
      value: 1
      objectReference: {fileID: 0}
    - target: {fileID: 461210, guid: d0843cf5a616eb34cbce78b78479d6c5, type: 3}
      propertyPath: m_LocalPosition.z
      value: -3.989
      objectReference: {fileID: 0}
    - target: {fileID: 461210, guid: d0843cf5a616eb34cbce78b78479d6c5, type: 3}
      propertyPath: m_LocalRotation.x
      value: -0
      objectReference: {fileID: 0}
    - target: {fileID: 461210, guid: d0843cf5a616eb34cbce78b78479d6c5, type: 3}
      propertyPath: m_LocalRotation.y
      value: -1
      objectReference: {fileID: 0}
    - target: {fileID: 461210, guid: d0843cf5a616eb34cbce78b78479d6c5, type: 3}
      propertyPath: m_LocalRotation.z
      value: -0
      objectReference: {fileID: 0}
    - target: {fileID: 461210, guid: d0843cf5a616eb34cbce78b78479d6c5, type: 3}
      propertyPath: m_LocalRotation.w
      value: 0
      objectReference: {fileID: 0}
    - target: {fileID: 461210, guid: d0843cf5a616eb34cbce78b78479d6c5, type: 3}
      propertyPath: m_RootOrder
      value: 2
      objectReference: {fileID: 0}
    - target: {fileID: 461210, guid: d0843cf5a616eb34cbce78b78479d6c5, type: 3}
      propertyPath: m_LocalEulerAnglesHint.x
      value: 0
      objectReference: {fileID: 0}
    - target: {fileID: 461210, guid: d0843cf5a616eb34cbce78b78479d6c5, type: 3}
      propertyPath: m_LocalEulerAnglesHint.y
      value: 0
      objectReference: {fileID: 0}
    - target: {fileID: 461210, guid: d0843cf5a616eb34cbce78b78479d6c5, type: 3}
      propertyPath: m_LocalEulerAnglesHint.z
      value: 0
      objectReference: {fileID: 0}
    m_RemovedComponents: []
  m_SourcePrefab: {fileID: 100100000, guid: d0843cf5a616eb34cbce78b78479d6c5, type: 3}
--- !u!1001 &1458072825
PrefabInstance:
  m_ObjectHideFlags: 0
  serializedVersion: 2
  m_Modification:
    m_TransformParent: {fileID: 280968028}
    m_Modifications:
    - target: {fileID: 174794, guid: b25d73fb508eb0543b8d322483f8c8c5, type: 3}
      propertyPath: m_Name
      value: track2
      objectReference: {fileID: 0}
    - target: {fileID: 471506, guid: b25d73fb508eb0543b8d322483f8c8c5, type: 3}
      propertyPath: m_LocalPosition.x
      value: 4
      objectReference: {fileID: 0}
    - target: {fileID: 471506, guid: b25d73fb508eb0543b8d322483f8c8c5, type: 3}
      propertyPath: m_LocalPosition.y
      value: -1.786
      objectReference: {fileID: 0}
    - target: {fileID: 471506, guid: b25d73fb508eb0543b8d322483f8c8c5, type: 3}
      propertyPath: m_LocalPosition.z
      value: -2.4859998
      objectReference: {fileID: 0}
    - target: {fileID: 471506, guid: b25d73fb508eb0543b8d322483f8c8c5, type: 3}
      propertyPath: m_LocalRotation.x
      value: -0
      objectReference: {fileID: 0}
    - target: {fileID: 471506, guid: b25d73fb508eb0543b8d322483f8c8c5, type: 3}
      propertyPath: m_LocalRotation.y
      value: -0.7071068
      objectReference: {fileID: 0}
    - target: {fileID: 471506, guid: b25d73fb508eb0543b8d322483f8c8c5, type: 3}
      propertyPath: m_LocalRotation.z
      value: -0
      objectReference: {fileID: 0}
    - target: {fileID: 471506, guid: b25d73fb508eb0543b8d322483f8c8c5, type: 3}
      propertyPath: m_LocalRotation.w
      value: -0.7071068
      objectReference: {fileID: 0}
    - target: {fileID: 471506, guid: b25d73fb508eb0543b8d322483f8c8c5, type: 3}
      propertyPath: m_RootOrder
      value: 4
      objectReference: {fileID: 0}
    - target: {fileID: 471506, guid: b25d73fb508eb0543b8d322483f8c8c5, type: 3}
      propertyPath: m_LocalEulerAnglesHint.x
      value: 0
      objectReference: {fileID: 0}
    - target: {fileID: 471506, guid: b25d73fb508eb0543b8d322483f8c8c5, type: 3}
      propertyPath: m_LocalEulerAnglesHint.y
      value: -90
      objectReference: {fileID: 0}
    - target: {fileID: 471506, guid: b25d73fb508eb0543b8d322483f8c8c5, type: 3}
      propertyPath: m_LocalEulerAnglesHint.z
      value: 0
      objectReference: {fileID: 0}
    - target: {fileID: 471506, guid: b25d73fb508eb0543b8d322483f8c8c5, type: 3}
      propertyPath: m_LocalScale.z
      value: 2
      objectReference: {fileID: 0}
    - target: {fileID: 471506, guid: b25d73fb508eb0543b8d322483f8c8c5, type: 3}
      propertyPath: m_LocalScale.x
      value: 1.2
      objectReference: {fileID: 0}
    - target: {fileID: 6409312, guid: b25d73fb508eb0543b8d322483f8c8c5, type: 3}
      propertyPath: m_Convex
      value: 0
      objectReference: {fileID: 0}
    - target: {fileID: 6409312, guid: b25d73fb508eb0543b8d322483f8c8c5, type: 3}
      propertyPath: m_IsTrigger
      value: 0
      objectReference: {fileID: 0}
    - target: {fileID: 6409312, guid: b25d73fb508eb0543b8d322483f8c8c5, type: 3}
      propertyPath: m_Material
      value: 
      objectReference: {fileID: 13400000, guid: dc2a62790f5344c31853ca6989cda0a1,
        type: 2}
    m_RemovedComponents: []
  m_SourcePrefab: {fileID: 100100000, guid: b25d73fb508eb0543b8d322483f8c8c5, type: 3}
--- !u!1001 &1507782246
PrefabInstance:
  m_ObjectHideFlags: 0
  serializedVersion: 2
  m_Modification:
    m_TransformParent: {fileID: 280968028}
    m_Modifications:
    - target: {fileID: 152928, guid: 9369a5ba8faf5ae4a8961af1d222895c, type: 3}
      propertyPath: m_Name
      value: track1
      objectReference: {fileID: 0}
    - target: {fileID: 481826, guid: 9369a5ba8faf5ae4a8961af1d222895c, type: 3}
      propertyPath: m_LocalPosition.x
      value: -1.522
      objectReference: {fileID: 0}
    - target: {fileID: 481826, guid: 9369a5ba8faf5ae4a8961af1d222895c, type: 3}
      propertyPath: m_LocalPosition.y
      value: -1.001
      objectReference: {fileID: 0}
    - target: {fileID: 481826, guid: 9369a5ba8faf5ae4a8961af1d222895c, type: 3}
      propertyPath: m_LocalPosition.z
      value: -1.4989998
      objectReference: {fileID: 0}
    - target: {fileID: 481826, guid: 9369a5ba8faf5ae4a8961af1d222895c, type: 3}
      propertyPath: m_LocalRotation.x
      value: -0
      objectReference: {fileID: 0}
    - target: {fileID: 481826, guid: 9369a5ba8faf5ae4a8961af1d222895c, type: 3}
      propertyPath: m_LocalRotation.y
      value: -0.7071068
      objectReference: {fileID: 0}
    - target: {fileID: 481826, guid: 9369a5ba8faf5ae4a8961af1d222895c, type: 3}
      propertyPath: m_LocalRotation.z
      value: -0
      objectReference: {fileID: 0}
    - target: {fileID: 481826, guid: 9369a5ba8faf5ae4a8961af1d222895c, type: 3}
      propertyPath: m_LocalRotation.w
      value: -0.7071068
      objectReference: {fileID: 0}
    - target: {fileID: 481826, guid: 9369a5ba8faf5ae4a8961af1d222895c, type: 3}
      propertyPath: m_RootOrder
      value: 3
      objectReference: {fileID: 0}
    - target: {fileID: 481826, guid: 9369a5ba8faf5ae4a8961af1d222895c, type: 3}
      propertyPath: m_LocalEulerAnglesHint.x
      value: 0
      objectReference: {fileID: 0}
    - target: {fileID: 481826, guid: 9369a5ba8faf5ae4a8961af1d222895c, type: 3}
      propertyPath: m_LocalEulerAnglesHint.y
      value: -90
      objectReference: {fileID: 0}
    - target: {fileID: 481826, guid: 9369a5ba8faf5ae4a8961af1d222895c, type: 3}
      propertyPath: m_LocalEulerAnglesHint.z
      value: 0
      objectReference: {fileID: 0}
    - target: {fileID: 6424308, guid: 9369a5ba8faf5ae4a8961af1d222895c, type: 3}
      propertyPath: m_Convex
      value: 0
      objectReference: {fileID: 0}
    - target: {fileID: 6424308, guid: 9369a5ba8faf5ae4a8961af1d222895c, type: 3}
      propertyPath: m_IsTrigger
      value: 0
      objectReference: {fileID: 0}
    - target: {fileID: 6424308, guid: 9369a5ba8faf5ae4a8961af1d222895c, type: 3}
      propertyPath: m_Material
      value: 
      objectReference: {fileID: 13400000, guid: dc2a62790f5344c31853ca6989cda0a1,
        type: 2}
    m_RemovedComponents: []
  m_SourcePrefab: {fileID: 100100000, guid: 9369a5ba8faf5ae4a8961af1d222895c, type: 3}
--- !u!1 &1550021121
GameObject:
  m_ObjectHideFlags: 0
  m_CorrespondingSourceObject: {fileID: 0}
  m_PrefabInstance: {fileID: 0}
  m_PrefabAsset: {fileID: 0}
  serializedVersion: 6
  m_Component:
  - component: {fileID: 1550021122}
  - component: {fileID: 1550021123}
  - component: {fileID: 1550021124}
  m_Layer: 5
  m_Name: Hole#
  m_TagString: Untagged
  m_Icon: {fileID: 0}
  m_NavMeshLayer: 0
  m_StaticEditorFlags: 0
  m_IsActive: 1
--- !u!224 &1550021122
RectTransform:
  m_ObjectHideFlags: 0
  m_CorrespondingSourceObject: {fileID: 0}
  m_PrefabInstance: {fileID: 0}
  m_PrefabAsset: {fileID: 0}
  m_GameObject: {fileID: 1550021121}
  m_LocalRotation: {x: 0, y: 0, z: 0, w: 1}
  m_LocalPosition: {x: 0, y: 0, z: 0}
  m_LocalScale: {x: 4, y: 4, z: 1}
  m_Children: []
  m_Father: {fileID: 1821900153}
  m_RootOrder: 1
  m_LocalEulerAnglesHint: {x: 0, y: 0, z: 0}
  m_AnchorMin: {x: 0.5, y: 0.5}
  m_AnchorMax: {x: 0.5, y: 0.5}
  m_AnchoredPosition: {x: 213, y: 30}
  m_SizeDelta: {x: 40, y: 20}
  m_Pivot: {x: 0.5, y: 0.5}
--- !u!222 &1550021123
CanvasRenderer:
  m_ObjectHideFlags: 0
  m_CorrespondingSourceObject: {fileID: 0}
  m_PrefabInstance: {fileID: 0}
  m_PrefabAsset: {fileID: 0}
  m_GameObject: {fileID: 1550021121}
  m_CullTransparentMesh: 0
--- !u!114 &1550021124
MonoBehaviour:
  m_ObjectHideFlags: 0
  m_CorrespondingSourceObject: {fileID: 0}
  m_PrefabInstance: {fileID: 0}
  m_PrefabAsset: {fileID: 0}
  m_GameObject: {fileID: 1550021121}
  m_Enabled: 1
  m_EditorHideFlags: 0
  m_Script: {fileID: 11500000, guid: 5f7201a12d95ffc409449d95f23cf332, type: 3}
  m_Name: 
  m_EditorClassIdentifier: 
  m_Material: {fileID: 0}
  m_Color: {r: 0.23584908, g: 0.23584908, b: 0.23584908, a: 1}
  m_RaycastTarget: 1
  m_OnCullStateChanged:
    m_PersistentCalls:
      m_Calls: []
  m_FontData:
    m_Font: {fileID: 10102, guid: 0000000000000000e000000000000000, type: 0}
    m_FontSize: 14
    m_FontStyle: 0
    m_BestFit: 0
    m_MinSize: 10
    m_MaxSize: 40
    m_Alignment: 0
    m_AlignByGeometry: 0
    m_RichText: 1
    m_HorizontalOverflow: 0
    m_VerticalOverflow: 0
    m_LineSpacing: 1
  m_Text: 0
--- !u!1 &1563027419
GameObject:
  m_ObjectHideFlags: 0
  m_CorrespondingSourceObject: {fileID: 0}
  m_PrefabInstance: {fileID: 0}
  m_PrefabAsset: {fileID: 0}
  serializedVersion: 6
  m_Component:
  - component: {fileID: 1563027423}
  - component: {fileID: 1563027422}
  - component: {fileID: 1563027421}
  - component: {fileID: 1563027420}
  m_Layer: 0
  m_Name: Environment02
  m_TagString: Untagged
  m_Icon: {fileID: 0}
  m_NavMeshLayer: 0
  m_StaticEditorFlags: 0
  m_IsActive: 1
--- !u!64 &1563027420
MeshCollider:
  m_ObjectHideFlags: 0
  m_CorrespondingSourceObject: {fileID: 0}
  m_PrefabInstance: {fileID: 0}
  m_PrefabAsset: {fileID: 0}
  m_GameObject: {fileID: 1563027419}
  m_Material: {fileID: 13400000, guid: dc2a62790f5344c31853ca6989cda0a1, type: 2}
  m_IsTrigger: 1
  m_Enabled: 1
  serializedVersion: 3
  m_Convex: 1
  m_CookingOptions: 30
  m_Mesh: {fileID: 10209, guid: 0000000000000000e000000000000000, type: 0}
--- !u!23 &1563027421
MeshRenderer:
  m_ObjectHideFlags: 0
  m_CorrespondingSourceObject: {fileID: 0}
  m_PrefabInstance: {fileID: 0}
  m_PrefabAsset: {fileID: 0}
  m_GameObject: {fileID: 1563027419}
  m_Enabled: 1
  m_CastShadows: 1
  m_ReceiveShadows: 1
  m_DynamicOccludee: 1
  m_MotionVectors: 1
  m_LightProbeUsage: 1
  m_ReflectionProbeUsage: 1
  m_RayTracingMode: 2
  m_RenderingLayerMask: 1
  m_RendererPriority: 0
  m_Materials:
  - {fileID: 2100000, guid: 34a912ba2dd394719a3905b287bd5610, type: 2}
  m_StaticBatchInfo:
    firstSubMesh: 0
    subMeshCount: 0
  m_StaticBatchRoot: {fileID: 0}
  m_ProbeAnchor: {fileID: 0}
  m_LightProbeVolumeOverride: {fileID: 0}
  m_ScaleInLightmap: 1
  m_ReceiveGI: 1
  m_PreserveUVs: 0
  m_IgnoreNormalsForChartDetection: 0
  m_ImportantGI: 0
  m_StitchLightmapSeams: 1
  m_SelectedEditorRenderState: 3
  m_MinimumChartSize: 4
  m_AutoUVMaxDistance: 0.5
  m_AutoUVMaxAngle: 89
  m_LightmapParameters: {fileID: 0}
  m_SortingLayerID: 0
  m_SortingLayer: 0
  m_SortingOrder: 0
--- !u!33 &1563027422
MeshFilter:
  m_ObjectHideFlags: 0
  m_CorrespondingSourceObject: {fileID: 0}
  m_PrefabInstance: {fileID: 0}
  m_PrefabAsset: {fileID: 0}
  m_GameObject: {fileID: 1563027419}
  m_Mesh: {fileID: 10209, guid: 0000000000000000e000000000000000, type: 0}
--- !u!4 &1563027423
Transform:
  m_ObjectHideFlags: 0
  m_CorrespondingSourceObject: {fileID: 0}
  m_PrefabInstance: {fileID: 0}
  m_PrefabAsset: {fileID: 0}
  m_GameObject: {fileID: 1563027419}
  m_LocalRotation: {x: 0, y: 0, z: 0, w: 1}
  m_LocalPosition: {x: -2.15, y: -2.867, z: -4.1673894}
  m_LocalScale: {x: 10, y: 1, z: 10}
  m_Children: []
  m_Father: {fileID: 0}
  m_RootOrder: 3
  m_LocalEulerAnglesHint: {x: 0, y: 0, z: 0}
--- !u!1 &1821900152
GameObject:
  m_ObjectHideFlags: 0
  m_CorrespondingSourceObject: {fileID: 0}
  m_PrefabInstance: {fileID: 0}
  m_PrefabAsset: {fileID: 0}
  serializedVersion: 6
  m_Component:
  - component: {fileID: 1821900153}
  - component: {fileID: 1821900155}
  - component: {fileID: 1821900154}
  m_Layer: 5
  m_Name: Background
  m_TagString: Untagged
  m_Icon: {fileID: 0}
  m_NavMeshLayer: 0
  m_StaticEditorFlags: 0
  m_IsActive: 1
--- !u!224 &1821900153
RectTransform:
  m_ObjectHideFlags: 0
  m_CorrespondingSourceObject: {fileID: 0}
  m_PrefabInstance: {fileID: 0}
  m_PrefabAsset: {fileID: 0}
  m_GameObject: {fileID: 1821900152}
  m_LocalRotation: {x: 0, y: 0, z: 0, w: 1}
  m_LocalPosition: {x: 0, y: 0, z: 0}
  m_LocalScale: {x: 1, y: 1, z: 1}
  m_Children:
  - {fileID: 120191459}
  - {fileID: 1550021122}
  - {fileID: 849763943}
  - {fileID: 1245942874}
  - {fileID: 1068863466}
  - {fileID: 107332779}
  m_Father: {fileID: 1161095230}
  m_RootOrder: 0
  m_LocalEulerAnglesHint: {x: 0, y: 0, z: 0}
  m_AnchorMin: {x: 0.5, y: 0.5}
  m_AnchorMax: {x: 0.5, y: 0.5}
  m_AnchoredPosition: {x: -1400, y: 800}
  m_SizeDelta: {x: 600, y: 600}
  m_Pivot: {x: 0.5, y: 0.5}
--- !u!114 &1821900154
MonoBehaviour:
  m_ObjectHideFlags: 0
  m_CorrespondingSourceObject: {fileID: 0}
  m_PrefabInstance: {fileID: 0}
  m_PrefabAsset: {fileID: 0}
  m_GameObject: {fileID: 1821900152}
  m_Enabled: 1
  m_EditorHideFlags: 0
  m_Script: {fileID: 11500000, guid: fe87c0e1cc204ed48ad3b37840f39efc, type: 3}
  m_Name: 
  m_EditorClassIdentifier: 
  m_Material: {fileID: 0}
  m_Color: {r: 1, g: 1, b: 1, a: 1}
  m_RaycastTarget: 1
  m_OnCullStateChanged:
    m_PersistentCalls:
      m_Calls: []
  m_Sprite: {fileID: 21300000, guid: cef7ecf4a2a5a4a12b888999b5cd254c, type: 3}
  m_Type: 0
  m_PreserveAspect: 0
  m_FillCenter: 1
  m_FillMethod: 4
  m_FillAmount: 1
  m_FillClockwise: 1
  m_FillOrigin: 0
  m_UseSpriteMesh: 0
  m_PixelsPerUnitMultiplier: 1
--- !u!222 &1821900155
CanvasRenderer:
  m_ObjectHideFlags: 0
  m_CorrespondingSourceObject: {fileID: 0}
  m_PrefabInstance: {fileID: 0}
  m_PrefabAsset: {fileID: 0}
  m_GameObject: {fileID: 1821900152}
  m_CullTransparentMesh: 0
--- !u!1 &1885642827 stripped
GameObject:
  m_CorrespondingSourceObject: {fileID: 9169130505122452223, guid: 5c656087e56134f6bb80a20f5c5d46e5,
    type: 3}
  m_PrefabInstance: {fileID: 1135505310}
  m_PrefabAsset: {fileID: 0}
--- !u!114 &1885642829
MonoBehaviour:
  m_ObjectHideFlags: 0
  m_CorrespondingSourceObject: {fileID: 0}
  m_PrefabInstance: {fileID: 0}
  m_PrefabAsset: {fileID: 0}
  m_GameObject: {fileID: 1885642827}
  m_Enabled: 1
  m_EditorHideFlags: 0
  m_Script: {fileID: 11500000, guid: 4a488f474770c480b9f922e074ed7530, type: 3}
  m_Name: 
  m_EditorClassIdentifier: 
  zforce: 20
  maincamera: {fileID: 744941402}
  direction: {fileID: 243179098}
  arrow: {fileID: 15504880}
  Flag: {fileID: 510435488}
  Ball: {fileID: 1885642830}
  arrowzscale: 0.07
  scoreboard: {fileID: 1037734653}
  hole_num: {fileID: 1550021124}
  par_num: {fileID: 1245942876}
  stroke_num: {fileID: 107332777}
  scoreboard_stroke_num1: {fileID: 1037734656}
  scoreboard_stroke_num2: {fileID: 1037734655}
  scoreboard_stroke_num3: {fileID: 1037734654}
--- !u!54 &1885642830 stripped
Rigidbody:
  m_CorrespondingSourceObject: {fileID: 9169130506068144217, guid: 5c656087e56134f6bb80a20f5c5d46e5,
    type: 3}
  m_PrefabInstance: {fileID: 1135505310}
  m_PrefabAsset: {fileID: 0}
--- !u!4 &1885642834 stripped
Transform:
  m_CorrespondingSourceObject: {fileID: 9169130505122175445, guid: 5c656087e56134f6bb80a20f5c5d46e5,
    type: 3}
  m_PrefabInstance: {fileID: 1135505310}
  m_PrefabAsset: {fileID: 0}
