%YAML 1.1
%TAG !u! tag:unity3d.com,2011:
--- !u!29 &1
OcclusionCullingSettings:
  m_ObjectHideFlags: 0
  serializedVersion: 2
  m_OcclusionBakeSettings:
    smallestOccluder: 5
    smallestHole: 0.25
    backfaceThreshold: 100
  m_SceneGUID: 00000000000000000000000000000000
  m_OcclusionCullingData: {fileID: 0}
--- !u!104 &2
RenderSettings:
  m_ObjectHideFlags: 0
  serializedVersion: 9
  m_Fog: 0
  m_FogColor: {r: 0.5, g: 0.5, b: 0.5, a: 1}
  m_FogMode: 3
  m_FogDensity: 0.01
  m_LinearFogStart: 0
  m_LinearFogEnd: 300
  m_AmbientSkyColor: {r: 0.212, g: 0.227, b: 0.259, a: 1}
  m_AmbientEquatorColor: {r: 0.114, g: 0.125, b: 0.133, a: 1}
  m_AmbientGroundColor: {r: 0.047, g: 0.043, b: 0.035, a: 1}
  m_AmbientIntensity: 1
  m_AmbientMode: 0
  m_SubtractiveShadowColor: {r: 0.42, g: 0.478, b: 0.627, a: 1}
  m_SkyboxMaterial: {fileID: 10304, guid: 0000000000000000f000000000000000, type: 0}
  m_HaloStrength: 0.5
  m_FlareStrength: 1
  m_FlareFadeSpeed: 3
  m_HaloTexture: {fileID: 0}
  m_SpotCookie: {fileID: 10001, guid: 0000000000000000e000000000000000, type: 0}
  m_DefaultReflectionMode: 0
  m_DefaultReflectionResolution: 128
  m_ReflectionBounces: 1
  m_ReflectionIntensity: 1
  m_CustomReflection: {fileID: 0}
  m_Sun: {fileID: 0}
  m_IndirectSpecularColor: {r: 0, g: 0, b: 0, a: 1}
  m_UseRadianceAmbientProbe: 0
--- !u!157 &3
LightmapSettings:
  m_ObjectHideFlags: 0
  serializedVersion: 11
  m_GIWorkflowMode: 1
  m_GISettings:
    serializedVersion: 2
    m_BounceScale: 1
    m_IndirectOutputScale: 1
    m_AlbedoBoost: 1
    m_EnvironmentLightingMode: 0
    m_EnableBakedLightmaps: 1
    m_EnableRealtimeLightmaps: 0
  m_LightmapEditorSettings:
    serializedVersion: 12
    m_Resolution: 2
    m_BakeResolution: 40
    m_AtlasSize: 1024
    m_AO: 0
    m_AOMaxDistance: 1
    m_CompAOExponent: 1
    m_CompAOExponentDirect: 0
    m_ExtractAmbientOcclusion: 0
    m_Padding: 2
    m_LightmapParameters: {fileID: 0}
    m_LightmapsBakeMode: 1
    m_TextureCompression: 1
    m_FinalGather: 0
    m_FinalGatherFiltering: 1
    m_FinalGatherRayCount: 256
    m_ReflectionCompression: 2
    m_MixedBakeMode: 2
    m_BakeBackend: 1
    m_PVRSampling: 1
    m_PVRDirectSampleCount: 32
    m_PVRSampleCount: 512
    m_PVRBounces: 2
    m_PVREnvironmentSampleCount: 256
    m_PVREnvironmentReferencePointCount: 2048
    m_PVRFilteringMode: 1
    m_PVRDenoiserTypeDirect: 1
    m_PVRDenoiserTypeIndirect: 1
    m_PVRDenoiserTypeAO: 1
    m_PVRFilterTypeDirect: 0
    m_PVRFilterTypeIndirect: 0
    m_PVRFilterTypeAO: 0
    m_PVREnvironmentMIS: 1
    m_PVRCulling: 1
    m_PVRFilteringGaussRadiusDirect: 1
    m_PVRFilteringGaussRadiusIndirect: 5
    m_PVRFilteringGaussRadiusAO: 2
    m_PVRFilteringAtrousPositionSigmaDirect: 0.5
    m_PVRFilteringAtrousPositionSigmaIndirect: 2
    m_PVRFilteringAtrousPositionSigmaAO: 1
    m_ExportTrainingData: 0
    m_TrainingDataDestination: TrainingData
    m_LightProbeSampleCountMultiplier: 4
  m_LightingDataAsset: {fileID: 0}
  m_UseShadowmask: 1
--- !u!196 &4
NavMeshSettings:
  serializedVersion: 2
  m_ObjectHideFlags: 0
  m_BuildSettings:
    serializedVersion: 2
    agentTypeID: 0
    agentRadius: 0.5
    agentHeight: 2
    agentSlope: 45
    agentClimb: 0.4
    ledgeDropHeight: 0
    maxJumpAcrossDistance: 0
    minRegionArea: 2
    manualCellSize: 0
    cellSize: 0.16666667
    manualTileSize: 0
    tileSize: 256
    accuratePlacement: 0
    debug:
      m_Flags: 0
  m_NavMeshData: {fileID: 0}
--- !u!114 &7025818 stripped
MonoBehaviour:
  m_CorrespondingSourceObject: {fileID: 4799867390658072250, guid: 70a9d1063800a4dca98c0aef7a4805a2,
    type: 3}
  m_PrefabInstance: {fileID: 1182540880}
  m_PrefabAsset: {fileID: 0}
  m_GameObject: {fileID: 0}
  m_Enabled: 1
  m_EditorHideFlags: 0
  m_Script: {fileID: 11500000, guid: 5f7201a12d95ffc409449d95f23cf332, type: 3}
  m_Name: 
  m_EditorClassIdentifier: 
--- !u!1001 &39892179
PrefabInstance:
  m_ObjectHideFlags: 0
  serializedVersion: 2
  m_Modification:
    m_TransformParent: {fileID: 2014575865}
    m_Modifications:
    - target: {fileID: 173074, guid: 9e583c73f8f21d248be83a2fddb607f9, type: 3}
      propertyPath: m_Name
      value: pref_TrackBeachCurve_01 (1)
      objectReference: {fileID: 0}
    - target: {fileID: 479024, guid: 9e583c73f8f21d248be83a2fddb607f9, type: 3}
      propertyPath: m_LocalPosition.x
      value: 30.03175
      objectReference: {fileID: 0}
    - target: {fileID: 479024, guid: 9e583c73f8f21d248be83a2fddb607f9, type: 3}
      propertyPath: m_LocalPosition.y
      value: 20.283022
      objectReference: {fileID: 0}
    - target: {fileID: 479024, guid: 9e583c73f8f21d248be83a2fddb607f9, type: 3}
      propertyPath: m_LocalPosition.z
      value: 28.308956
      objectReference: {fileID: 0}
    - target: {fileID: 479024, guid: 9e583c73f8f21d248be83a2fddb607f9, type: 3}
      propertyPath: m_LocalRotation.x
      value: -0
      objectReference: {fileID: 0}
    - target: {fileID: 479024, guid: 9e583c73f8f21d248be83a2fddb607f9, type: 3}
      propertyPath: m_LocalRotation.y
      value: -0.7071068
      objectReference: {fileID: 0}
    - target: {fileID: 479024, guid: 9e583c73f8f21d248be83a2fddb607f9, type: 3}
      propertyPath: m_LocalRotation.z
      value: -0
      objectReference: {fileID: 0}
    - target: {fileID: 479024, guid: 9e583c73f8f21d248be83a2fddb607f9, type: 3}
      propertyPath: m_LocalRotation.w
      value: 0.7071068
      objectReference: {fileID: 0}
    - target: {fileID: 479024, guid: 9e583c73f8f21d248be83a2fddb607f9, type: 3}
      propertyPath: m_RootOrder
      value: 7
      objectReference: {fileID: 0}
    - target: {fileID: 479024, guid: 9e583c73f8f21d248be83a2fddb607f9, type: 3}
      propertyPath: m_LocalEulerAnglesHint.x
      value: 0
      objectReference: {fileID: 0}
    - target: {fileID: 479024, guid: 9e583c73f8f21d248be83a2fddb607f9, type: 3}
      propertyPath: m_LocalEulerAnglesHint.y
      value: -90
      objectReference: {fileID: 0}
    - target: {fileID: 479024, guid: 9e583c73f8f21d248be83a2fddb607f9, type: 3}
      propertyPath: m_LocalEulerAnglesHint.z
      value: 0
      objectReference: {fileID: 0}
    m_RemovedComponents: []
  m_SourcePrefab: {fileID: 100100000, guid: 9e583c73f8f21d248be83a2fddb607f9, type: 3}
--- !u!4 &39892180 stripped
Transform:
  m_CorrespondingSourceObject: {fileID: 479024, guid: 9e583c73f8f21d248be83a2fddb607f9,
    type: 3}
  m_PrefabInstance: {fileID: 39892179}
  m_PrefabAsset: {fileID: 0}
--- !u!1001 &183066744
PrefabInstance:
  m_ObjectHideFlags: 0
  serializedVersion: 2
  m_Modification:
    m_TransformParent: {fileID: 2014575865}
    m_Modifications:
    - target: {fileID: 113818, guid: ca01272e797ed22479bab57a7d9f531e, type: 3}
      propertyPath: m_Name
      value: pref_TrackBeachHill_02
      objectReference: {fileID: 0}
    - target: {fileID: 446102, guid: ca01272e797ed22479bab57a7d9f531e, type: 3}
      propertyPath: m_LocalPosition.x
      value: 31.53175
      objectReference: {fileID: 0}
    - target: {fileID: 446102, guid: ca01272e797ed22479bab57a7d9f531e, type: 3}
      propertyPath: m_LocalPosition.y
      value: 20.28302
      objectReference: {fileID: 0}
    - target: {fileID: 446102, guid: ca01272e797ed22479bab57a7d9f531e, type: 3}
      propertyPath: m_LocalPosition.z
      value: 24.808956
      objectReference: {fileID: 0}
    - target: {fileID: 446102, guid: ca01272e797ed22479bab57a7d9f531e, type: 3}
      propertyPath: m_LocalRotation.x
      value: -0
      objectReference: {fileID: 0}
    - target: {fileID: 446102, guid: ca01272e797ed22479bab57a7d9f531e, type: 3}
      propertyPath: m_LocalRotation.y
      value: -0
      objectReference: {fileID: 0}
    - target: {fileID: 446102, guid: ca01272e797ed22479bab57a7d9f531e, type: 3}
      propertyPath: m_LocalRotation.z
      value: -0
      objectReference: {fileID: 0}
    - target: {fileID: 446102, guid: ca01272e797ed22479bab57a7d9f531e, type: 3}
      propertyPath: m_LocalRotation.w
      value: 1
      objectReference: {fileID: 0}
    - target: {fileID: 446102, guid: ca01272e797ed22479bab57a7d9f531e, type: 3}
      propertyPath: m_RootOrder
      value: 14
      objectReference: {fileID: 0}
    - target: {fileID: 446102, guid: ca01272e797ed22479bab57a7d9f531e, type: 3}
      propertyPath: m_LocalEulerAnglesHint.x
      value: 0
      objectReference: {fileID: 0}
    - target: {fileID: 446102, guid: ca01272e797ed22479bab57a7d9f531e, type: 3}
      propertyPath: m_LocalEulerAnglesHint.y
      value: 0
      objectReference: {fileID: 0}
    - target: {fileID: 446102, guid: ca01272e797ed22479bab57a7d9f531e, type: 3}
      propertyPath: m_LocalEulerAnglesHint.z
      value: 0
      objectReference: {fileID: 0}
    m_RemovedComponents: []
  m_SourcePrefab: {fileID: 100100000, guid: ca01272e797ed22479bab57a7d9f531e, type: 3}
--- !u!4 &183066745 stripped
Transform:
  m_CorrespondingSourceObject: {fileID: 446102, guid: ca01272e797ed22479bab57a7d9f531e,
    type: 3}
  m_PrefabInstance: {fileID: 183066744}
  m_PrefabAsset: {fileID: 0}
--- !u!1 &224414605
GameObject:
  m_ObjectHideFlags: 0
  m_CorrespondingSourceObject: {fileID: 0}
  m_PrefabInstance: {fileID: 0}
  m_PrefabAsset: {fileID: 0}
  serializedVersion: 6
  m_Component:
  - component: {fileID: 224414607}
  - component: {fileID: 224414606}
  m_Layer: 0
  m_Name: Directional Light
  m_TagString: Untagged
  m_Icon: {fileID: 0}
  m_NavMeshLayer: 0
  m_StaticEditorFlags: 0
  m_IsActive: 1
--- !u!108 &224414606
Light:
  m_ObjectHideFlags: 0
  m_CorrespondingSourceObject: {fileID: 0}
  m_PrefabInstance: {fileID: 0}
  m_PrefabAsset: {fileID: 0}
  m_GameObject: {fileID: 224414605}
  m_Enabled: 1
  serializedVersion: 10
  m_Type: 1
  m_Shape: 0
  m_Color: {r: 1, g: 0.95686275, b: 0.8392157, a: 1}
  m_Intensity: 1
  m_Range: 10
  m_SpotAngle: 30
  m_InnerSpotAngle: 21.80208
  m_CookieSize: 10
  m_Shadows:
    m_Type: 2
    m_Resolution: -1
    m_CustomResolution: -1
    m_Strength: 1
    m_Bias: 0.05
    m_NormalBias: 0.4
    m_NearPlane: 0.2
    m_CullingMatrixOverride:
      e00: 1
      e01: 0
      e02: 0
      e03: 0
      e10: 0
      e11: 1
      e12: 0
      e13: 0
      e20: 0
      e21: 0
      e22: 1
      e23: 0
      e30: 0
      e31: 0
      e32: 0
      e33: 1
    m_UseCullingMatrixOverride: 0
  m_Cookie: {fileID: 0}
  m_DrawHalo: 0
  m_Flare: {fileID: 0}
  m_RenderMode: 0
  m_CullingMask:
    serializedVersion: 2
    m_Bits: 4294967295
  m_RenderingLayerMask: 1
  m_Lightmapping: 4
  m_LightShadowCasterMode: 0
  m_AreaSize: {x: 1, y: 1}
  m_BounceIntensity: 1
  m_ColorTemperature: 6570
  m_UseColorTemperature: 0
  m_BoundingSphereOverride: {x: 0, y: 0, z: 0, w: 0}
  m_UseBoundingSphereOverride: 0
  m_ShadowRadius: 0
  m_ShadowAngle: 0
--- !u!4 &224414607
Transform:
  m_ObjectHideFlags: 0
  m_CorrespondingSourceObject: {fileID: 0}
  m_PrefabInstance: {fileID: 0}
  m_PrefabAsset: {fileID: 0}
  m_GameObject: {fileID: 224414605}
  m_LocalRotation: {x: 0.40821788, y: -0.23456968, z: 0.10938163, w: 0.8754261}
  m_LocalPosition: {x: 0, y: 3, z: 0}
  m_LocalScale: {x: 1, y: 1, z: 1}
  m_Children: []
  m_Father: {fileID: 0}
  m_RootOrder: 1
  m_LocalEulerAnglesHint: {x: 50, y: -30, z: 0}
--- !u!1001 &346493980
PrefabInstance:
  m_ObjectHideFlags: 0
  serializedVersion: 2
  m_Modification:
    m_TransformParent: {fileID: 2014575865}
    m_Modifications:
    - target: {fileID: 187220, guid: 30739975611d4514787f88cb3627f5ee, type: 3}
      propertyPath: m_Name
      value: pref_ObstacleRoadTriangleSmall
      objectReference: {fileID: 0}
    - target: {fileID: 464190, guid: 30739975611d4514787f88cb3627f5ee, type: 3}
      propertyPath: m_LocalPosition.x
      value: 27.88575
      objectReference: {fileID: 0}
    - target: {fileID: 464190, guid: 30739975611d4514787f88cb3627f5ee, type: 3}
      propertyPath: m_LocalPosition.y
      value: 20.293022
      objectReference: {fileID: 0}
    - target: {fileID: 464190, guid: 30739975611d4514787f88cb3627f5ee, type: 3}
      propertyPath: m_LocalPosition.z
      value: 27.654957
      objectReference: {fileID: 0}
    - target: {fileID: 464190, guid: 30739975611d4514787f88cb3627f5ee, type: 3}
      propertyPath: m_LocalRotation.x
      value: -0
      objectReference: {fileID: 0}
    - target: {fileID: 464190, guid: 30739975611d4514787f88cb3627f5ee, type: 3}
      propertyPath: m_LocalRotation.y
      value: 0.92387956
      objectReference: {fileID: 0}
    - target: {fileID: 464190, guid: 30739975611d4514787f88cb3627f5ee, type: 3}
      propertyPath: m_LocalRotation.z
      value: -0
      objectReference: {fileID: 0}
    - target: {fileID: 464190, guid: 30739975611d4514787f88cb3627f5ee, type: 3}
      propertyPath: m_LocalRotation.w
      value: 0.38268343
      objectReference: {fileID: 0}
    - target: {fileID: 464190, guid: 30739975611d4514787f88cb3627f5ee, type: 3}
      propertyPath: m_RootOrder
      value: 2
      objectReference: {fileID: 0}
    - target: {fileID: 464190, guid: 30739975611d4514787f88cb3627f5ee, type: 3}
      propertyPath: m_LocalEulerAnglesHint.x
      value: 0
      objectReference: {fileID: 0}
    - target: {fileID: 464190, guid: 30739975611d4514787f88cb3627f5ee, type: 3}
      propertyPath: m_LocalEulerAnglesHint.y
      value: 135
      objectReference: {fileID: 0}
    - target: {fileID: 464190, guid: 30739975611d4514787f88cb3627f5ee, type: 3}
      propertyPath: m_LocalEulerAnglesHint.z
      value: 0
      objectReference: {fileID: 0}
    m_RemovedComponents: []
  m_SourcePrefab: {fileID: 100100000, guid: 30739975611d4514787f88cb3627f5ee, type: 3}
--- !u!4 &346493981 stripped
Transform:
  m_CorrespondingSourceObject: {fileID: 464190, guid: 30739975611d4514787f88cb3627f5ee,
    type: 3}
  m_PrefabInstance: {fileID: 346493980}
  m_PrefabAsset: {fileID: 0}
--- !u!1001 &424390569
PrefabInstance:
  m_ObjectHideFlags: 0
  serializedVersion: 2
  m_Modification:
    m_TransformParent: {fileID: 0}
    m_Modifications:
    - target: {fileID: 2953102810351609751, guid: 127e6aa74ff904800ad1c16dcd1103e1,
        type: 3}
      propertyPath: m_Text
      value: Finish
      objectReference: {fileID: 0}
    - target: {fileID: 5138548560112472145, guid: 127e6aa74ff904800ad1c16dcd1103e1,
        type: 3}
      propertyPath: m_Name
      value: hole3button
      objectReference: {fileID: 0}
    - target: {fileID: 5688790233757937082, guid: 127e6aa74ff904800ad1c16dcd1103e1,
        type: 3}
      propertyPath: m_RootOrder
      value: 5
      objectReference: {fileID: 0}
    - target: {fileID: 7961632271756181205, guid: 127e6aa74ff904800ad1c16dcd1103e1,
        type: 3}
      propertyPath: m_LocalPosition.x
      value: 0
      objectReference: {fileID: 0}
    - target: {fileID: 7961632271756181205, guid: 127e6aa74ff904800ad1c16dcd1103e1,
        type: 3}
      propertyPath: m_LocalPosition.y
      value: 0
      objectReference: {fileID: 0}
    - target: {fileID: 7961632271756181205, guid: 127e6aa74ff904800ad1c16dcd1103e1,
        type: 3}
      propertyPath: m_LocalPosition.z
      value: 0
      objectReference: {fileID: 0}
    - target: {fileID: 7961632271756181205, guid: 127e6aa74ff904800ad1c16dcd1103e1,
        type: 3}
      propertyPath: m_LocalRotation.x
      value: 0
      objectReference: {fileID: 0}
    - target: {fileID: 7961632271756181205, guid: 127e6aa74ff904800ad1c16dcd1103e1,
        type: 3}
      propertyPath: m_LocalRotation.y
      value: 0
      objectReference: {fileID: 0}
    - target: {fileID: 7961632271756181205, guid: 127e6aa74ff904800ad1c16dcd1103e1,
        type: 3}
      propertyPath: m_LocalRotation.z
      value: 0
      objectReference: {fileID: 0}
    - target: {fileID: 7961632271756181205, guid: 127e6aa74ff904800ad1c16dcd1103e1,
        type: 3}
      propertyPath: m_LocalRotation.w
      value: 1
      objectReference: {fileID: 0}
    - target: {fileID: 7961632271756181205, guid: 127e6aa74ff904800ad1c16dcd1103e1,
        type: 3}
      propertyPath: m_RootOrder
      value: 5
      objectReference: {fileID: 0}
    - target: {fileID: 7961632271756181205, guid: 127e6aa74ff904800ad1c16dcd1103e1,
        type: 3}
      propertyPath: m_LocalEulerAnglesHint.x
      value: 0
      objectReference: {fileID: 0}
    - target: {fileID: 7961632271756181205, guid: 127e6aa74ff904800ad1c16dcd1103e1,
        type: 3}
      propertyPath: m_LocalEulerAnglesHint.y
      value: 0
      objectReference: {fileID: 0}
    - target: {fileID: 7961632271756181205, guid: 127e6aa74ff904800ad1c16dcd1103e1,
        type: 3}
      propertyPath: m_LocalEulerAnglesHint.z
      value: 0
      objectReference: {fileID: 0}
    - target: {fileID: 7961632271756181205, guid: 127e6aa74ff904800ad1c16dcd1103e1,
        type: 3}
      propertyPath: m_AnchoredPosition.x
      value: 0
      objectReference: {fileID: 0}
    - target: {fileID: 7961632271756181205, guid: 127e6aa74ff904800ad1c16dcd1103e1,
        type: 3}
      propertyPath: m_AnchoredPosition.y
      value: 0
      objectReference: {fileID: 0}
    - target: {fileID: 7961632271756181205, guid: 127e6aa74ff904800ad1c16dcd1103e1,
        type: 3}
      propertyPath: m_SizeDelta.x
      value: 0
      objectReference: {fileID: 0}
    - target: {fileID: 7961632271756181205, guid: 127e6aa74ff904800ad1c16dcd1103e1,
        type: 3}
      propertyPath: m_SizeDelta.y
      value: 0
      objectReference: {fileID: 0}
    - target: {fileID: 7961632271756181205, guid: 127e6aa74ff904800ad1c16dcd1103e1,
        type: 3}
      propertyPath: m_AnchorMin.x
      value: 0
      objectReference: {fileID: 0}
    - target: {fileID: 7961632271756181205, guid: 127e6aa74ff904800ad1c16dcd1103e1,
        type: 3}
      propertyPath: m_AnchorMin.y
      value: 0
      objectReference: {fileID: 0}
    - target: {fileID: 7961632271756181205, guid: 127e6aa74ff904800ad1c16dcd1103e1,
        type: 3}
      propertyPath: m_AnchorMax.x
      value: 0
      objectReference: {fileID: 0}
    - target: {fileID: 7961632271756181205, guid: 127e6aa74ff904800ad1c16dcd1103e1,
        type: 3}
      propertyPath: m_AnchorMax.y
      value: 0
      objectReference: {fileID: 0}
    - target: {fileID: 7961632271756181205, guid: 127e6aa74ff904800ad1c16dcd1103e1,
        type: 3}
      propertyPath: m_Pivot.x
      value: 0
      objectReference: {fileID: 0}
    - target: {fileID: 7961632271756181205, guid: 127e6aa74ff904800ad1c16dcd1103e1,
        type: 3}
      propertyPath: m_Pivot.y
      value: 0
      objectReference: {fileID: 0}
    - target: {fileID: 7961632271756181209, guid: 127e6aa74ff904800ad1c16dcd1103e1,
        type: 3}
      propertyPath: m_Name
      value: Scoreboard UI
      objectReference: {fileID: 0}
    m_RemovedComponents: []
  m_SourcePrefab: {fileID: 100100000, guid: 127e6aa74ff904800ad1c16dcd1103e1, type: 3}
--- !u!223 &424390570 stripped
Canvas:
  m_CorrespondingSourceObject: {fileID: 7488577981017008353, guid: 127e6aa74ff904800ad1c16dcd1103e1,
    type: 3}
  m_PrefabInstance: {fileID: 424390569}
  m_PrefabAsset: {fileID: 0}
--- !u!114 &424390571 stripped
MonoBehaviour:
  m_CorrespondingSourceObject: {fileID: 4812606849686144919, guid: 127e6aa74ff904800ad1c16dcd1103e1,
    type: 3}
  m_PrefabInstance: {fileID: 424390569}
  m_PrefabAsset: {fileID: 0}
  m_GameObject: {fileID: 0}
  m_Enabled: 1
  m_EditorHideFlags: 0
  m_Script: {fileID: 11500000, guid: 5f7201a12d95ffc409449d95f23cf332, type: 3}
  m_Name: 
  m_EditorClassIdentifier: 
--- !u!114 &424390572 stripped
MonoBehaviour:
  m_CorrespondingSourceObject: {fileID: 7488577981177617815, guid: 127e6aa74ff904800ad1c16dcd1103e1,
    type: 3}
  m_PrefabInstance: {fileID: 424390569}
  m_PrefabAsset: {fileID: 0}
  m_GameObject: {fileID: 0}
  m_Enabled: 1
  m_EditorHideFlags: 0
  m_Script: {fileID: 11500000, guid: 5f7201a12d95ffc409449d95f23cf332, type: 3}
  m_Name: 
  m_EditorClassIdentifier: 
--- !u!114 &424390573 stripped
MonoBehaviour:
  m_CorrespondingSourceObject: {fileID: 7488577979719110776, guid: 127e6aa74ff904800ad1c16dcd1103e1,
    type: 3}
  m_PrefabInstance: {fileID: 424390569}
  m_PrefabAsset: {fileID: 0}
  m_GameObject: {fileID: 0}
  m_Enabled: 1
  m_EditorHideFlags: 0
  m_Script: {fileID: 11500000, guid: 5f7201a12d95ffc409449d95f23cf332, type: 3}
  m_Name: 
  m_EditorClassIdentifier: 
--- !u!1001 &622076044
PrefabInstance:
  m_ObjectHideFlags: 0
  serializedVersion: 2
  m_Modification:
    m_TransformParent: {fileID: 2014575865}
    m_Modifications:
    - target: {fileID: 170694, guid: 932c91eafad676f458ceccf76fe07f5d, type: 3}
      propertyPath: m_Name
      value: pref_TrackBeachElevation_04
      objectReference: {fileID: 0}
    - target: {fileID: 403854, guid: 932c91eafad676f458ceccf76fe07f5d, type: 3}
      propertyPath: m_LocalPosition.x
      value: 31.53175
      objectReference: {fileID: 0}
    - target: {fileID: 403854, guid: 932c91eafad676f458ceccf76fe07f5d, type: 3}
      propertyPath: m_LocalPosition.y
      value: 19.283022
      objectReference: {fileID: 0}
    - target: {fileID: 403854, guid: 932c91eafad676f458ceccf76fe07f5d, type: 3}
      propertyPath: m_LocalPosition.z
      value: 19.808956
      objectReference: {fileID: 0}
    - target: {fileID: 403854, guid: 932c91eafad676f458ceccf76fe07f5d, type: 3}
      propertyPath: m_LocalRotation.x
      value: -0
      objectReference: {fileID: 0}
    - target: {fileID: 403854, guid: 932c91eafad676f458ceccf76fe07f5d, type: 3}
      propertyPath: m_LocalRotation.y
      value: -0
      objectReference: {fileID: 0}
    - target: {fileID: 403854, guid: 932c91eafad676f458ceccf76fe07f5d, type: 3}
      propertyPath: m_LocalRotation.z
      value: -0
      objectReference: {fileID: 0}
    - target: {fileID: 403854, guid: 932c91eafad676f458ceccf76fe07f5d, type: 3}
      propertyPath: m_LocalRotation.w
      value: 1
      objectReference: {fileID: 0}
    - target: {fileID: 403854, guid: 932c91eafad676f458ceccf76fe07f5d, type: 3}
      propertyPath: m_RootOrder
      value: 1
      objectReference: {fileID: 0}
    - target: {fileID: 403854, guid: 932c91eafad676f458ceccf76fe07f5d, type: 3}
      propertyPath: m_LocalEulerAnglesHint.x
      value: 0
      objectReference: {fileID: 0}
    - target: {fileID: 403854, guid: 932c91eafad676f458ceccf76fe07f5d, type: 3}
      propertyPath: m_LocalEulerAnglesHint.y
      value: 0
      objectReference: {fileID: 0}
    - target: {fileID: 403854, guid: 932c91eafad676f458ceccf76fe07f5d, type: 3}
      propertyPath: m_LocalEulerAnglesHint.z
      value: 0
      objectReference: {fileID: 0}
    m_RemovedComponents: []
  m_SourcePrefab: {fileID: 100100000, guid: 932c91eafad676f458ceccf76fe07f5d, type: 3}
--- !u!4 &622076045 stripped
Transform:
  m_CorrespondingSourceObject: {fileID: 403854, guid: 932c91eafad676f458ceccf76fe07f5d,
    type: 3}
  m_PrefabInstance: {fileID: 622076044}
  m_PrefabAsset: {fileID: 0}
--- !u!1001 &761214530
PrefabInstance:
  m_ObjectHideFlags: 0
  serializedVersion: 2
  m_Modification:
    m_TransformParent: {fileID: 2014575865}
    m_Modifications:
    - target: {fileID: 173074, guid: 9e583c73f8f21d248be83a2fddb607f9, type: 3}
      propertyPath: m_Name
      value: pref_TrackBeachCurve_01
      objectReference: {fileID: 0}
    - target: {fileID: 479024, guid: 9e583c73f8f21d248be83a2fddb607f9, type: 3}
      propertyPath: m_LocalPosition.x
      value: 28.53175
      objectReference: {fileID: 0}
    - target: {fileID: 479024, guid: 9e583c73f8f21d248be83a2fddb607f9, type: 3}
      propertyPath: m_LocalPosition.y
      value: 20.283022
      objectReference: {fileID: 0}
    - target: {fileID: 479024, guid: 9e583c73f8f21d248be83a2fddb607f9, type: 3}
      propertyPath: m_LocalPosition.z
      value: 29.808956
      objectReference: {fileID: 0}
    - target: {fileID: 479024, guid: 9e583c73f8f21d248be83a2fddb607f9, type: 3}
      propertyPath: m_LocalRotation.x
      value: -0
      objectReference: {fileID: 0}
    - target: {fileID: 479024, guid: 9e583c73f8f21d248be83a2fddb607f9, type: 3}
      propertyPath: m_LocalRotation.y
      value: -0
      objectReference: {fileID: 0}
    - target: {fileID: 479024, guid: 9e583c73f8f21d248be83a2fddb607f9, type: 3}
      propertyPath: m_LocalRotation.z
      value: -0
      objectReference: {fileID: 0}
    - target: {fileID: 479024, guid: 9e583c73f8f21d248be83a2fddb607f9, type: 3}
      propertyPath: m_LocalRotation.w
      value: 1
      objectReference: {fileID: 0}
    - target: {fileID: 479024, guid: 9e583c73f8f21d248be83a2fddb607f9, type: 3}
      propertyPath: m_RootOrder
      value: 8
      objectReference: {fileID: 0}
    - target: {fileID: 479024, guid: 9e583c73f8f21d248be83a2fddb607f9, type: 3}
      propertyPath: m_LocalEulerAnglesHint.x
      value: 0
      objectReference: {fileID: 0}
    - target: {fileID: 479024, guid: 9e583c73f8f21d248be83a2fddb607f9, type: 3}
      propertyPath: m_LocalEulerAnglesHint.y
      value: 0
      objectReference: {fileID: 0}
    - target: {fileID: 479024, guid: 9e583c73f8f21d248be83a2fddb607f9, type: 3}
      propertyPath: m_LocalEulerAnglesHint.z
      value: 0
      objectReference: {fileID: 0}
    m_RemovedComponents: []
  m_SourcePrefab: {fileID: 100100000, guid: 9e583c73f8f21d248be83a2fddb607f9, type: 3}
--- !u!4 &761214531 stripped
Transform:
  m_CorrespondingSourceObject: {fileID: 479024, guid: 9e583c73f8f21d248be83a2fddb607f9,
    type: 3}
  m_PrefabInstance: {fileID: 761214530}
  m_PrefabAsset: {fileID: 0}
--- !u!1001 &867078819
PrefabInstance:
  m_ObjectHideFlags: 0
  serializedVersion: 2
  m_Modification:
    m_TransformParent: {fileID: 2014575865}
    m_Modifications:
    - target: {fileID: 104636, guid: f8bf02cb9cca9fd4d886905748b5c0da, type: 3}
      propertyPath: m_Name
      value: pref_TrackBeachHole_08
      objectReference: {fileID: 0}
    - target: {fileID: 170484, guid: f8bf02cb9cca9fd4d886905748b5c0da, type: 3}
      propertyPath: m_Name
      value: hole03
      objectReference: {fileID: 0}
    - target: {fileID: 421080, guid: f8bf02cb9cca9fd4d886905748b5c0da, type: 3}
      propertyPath: m_LocalPosition.y
      value: -0.04
      objectReference: {fileID: 0}
    - target: {fileID: 494806, guid: f8bf02cb9cca9fd4d886905748b5c0da, type: 3}
      propertyPath: m_LocalPosition.x
      value: 31.53175
      objectReference: {fileID: 0}
    - target: {fileID: 494806, guid: f8bf02cb9cca9fd4d886905748b5c0da, type: 3}
      propertyPath: m_LocalPosition.y
      value: 20.283022
      objectReference: {fileID: 0}
    - target: {fileID: 494806, guid: f8bf02cb9cca9fd4d886905748b5c0da, type: 3}
      propertyPath: m_LocalPosition.z
      value: 22.808956
      objectReference: {fileID: 0}
    - target: {fileID: 494806, guid: f8bf02cb9cca9fd4d886905748b5c0da, type: 3}
      propertyPath: m_LocalRotation.x
      value: -0
      objectReference: {fileID: 0}
    - target: {fileID: 494806, guid: f8bf02cb9cca9fd4d886905748b5c0da, type: 3}
      propertyPath: m_LocalRotation.y
      value: -0
      objectReference: {fileID: 0}
    - target: {fileID: 494806, guid: f8bf02cb9cca9fd4d886905748b5c0da, type: 3}
      propertyPath: m_LocalRotation.z
      value: -0
      objectReference: {fileID: 0}
    - target: {fileID: 494806, guid: f8bf02cb9cca9fd4d886905748b5c0da, type: 3}
      propertyPath: m_LocalRotation.w
      value: 1
      objectReference: {fileID: 0}
    - target: {fileID: 494806, guid: f8bf02cb9cca9fd4d886905748b5c0da, type: 3}
      propertyPath: m_RootOrder
      value: 0
      objectReference: {fileID: 0}
    - target: {fileID: 494806, guid: f8bf02cb9cca9fd4d886905748b5c0da, type: 3}
      propertyPath: m_LocalEulerAnglesHint.x
      value: 0
      objectReference: {fileID: 0}
    - target: {fileID: 494806, guid: f8bf02cb9cca9fd4d886905748b5c0da, type: 3}
      propertyPath: m_LocalEulerAnglesHint.y
      value: 0
      objectReference: {fileID: 0}
    - target: {fileID: 494806, guid: f8bf02cb9cca9fd4d886905748b5c0da, type: 3}
      propertyPath: m_LocalEulerAnglesHint.z
      value: 0
      objectReference: {fileID: 0}
    m_RemovedComponents: []
  m_SourcePrefab: {fileID: 100100000, guid: f8bf02cb9cca9fd4d886905748b5c0da, type: 3}
--- !u!4 &867078820 stripped
Transform:
  m_CorrespondingSourceObject: {fileID: 494806, guid: f8bf02cb9cca9fd4d886905748b5c0da,
    type: 3}
  m_PrefabInstance: {fileID: 867078819}
  m_PrefabAsset: {fileID: 0}
--- !u!1001 &1020734016
PrefabInstance:
  m_ObjectHideFlags: 0
  serializedVersion: 2
  m_Modification:
    m_TransformParent: {fileID: 2014575865}
    m_Modifications:
    - target: {fileID: 106730, guid: 856d712b47b6bb745a5aabbe8ce0dc45, type: 3}
      propertyPath: m_Name
      value: pref_TrackBeachHillCurve_01
      objectReference: {fileID: 0}
    - target: {fileID: 479700, guid: 856d712b47b6bb745a5aabbe8ce0dc45, type: 3}
      propertyPath: m_LocalPosition.x
      value: 31.53175
      objectReference: {fileID: 0}
    - target: {fileID: 479700, guid: 856d712b47b6bb745a5aabbe8ce0dc45, type: 3}
      propertyPath: m_LocalPosition.y
      value: 20.283022
      objectReference: {fileID: 0}
    - target: {fileID: 479700, guid: 856d712b47b6bb745a5aabbe8ce0dc45, type: 3}
      propertyPath: m_LocalPosition.z
      value: 32.808956
      objectReference: {fileID: 0}
    - target: {fileID: 479700, guid: 856d712b47b6bb745a5aabbe8ce0dc45, type: 3}
      propertyPath: m_LocalRotation.x
      value: -0
      objectReference: {fileID: 0}
    - target: {fileID: 479700, guid: 856d712b47b6bb745a5aabbe8ce0dc45, type: 3}
      propertyPath: m_LocalRotation.y
      value: 1
      objectReference: {fileID: 0}
    - target: {fileID: 479700, guid: 856d712b47b6bb745a5aabbe8ce0dc45, type: 3}
      propertyPath: m_LocalRotation.z
      value: -0
      objectReference: {fileID: 0}
    - target: {fileID: 479700, guid: 856d712b47b6bb745a5aabbe8ce0dc45, type: 3}
      propertyPath: m_LocalRotation.w
      value: 0
      objectReference: {fileID: 0}
    - target: {fileID: 479700, guid: 856d712b47b6bb745a5aabbe8ce0dc45, type: 3}
      propertyPath: m_RootOrder
      value: 9
      objectReference: {fileID: 0}
    - target: {fileID: 479700, guid: 856d712b47b6bb745a5aabbe8ce0dc45, type: 3}
      propertyPath: m_LocalEulerAnglesHint.x
      value: 0
      objectReference: {fileID: 0}
    - target: {fileID: 479700, guid: 856d712b47b6bb745a5aabbe8ce0dc45, type: 3}
      propertyPath: m_LocalEulerAnglesHint.y
      value: 180
      objectReference: {fileID: 0}
    - target: {fileID: 479700, guid: 856d712b47b6bb745a5aabbe8ce0dc45, type: 3}
      propertyPath: m_LocalEulerAnglesHint.z
      value: 0
      objectReference: {fileID: 0}
    m_RemovedComponents: []
  m_SourcePrefab: {fileID: 100100000, guid: 856d712b47b6bb745a5aabbe8ce0dc45, type: 3}
--- !u!4 &1020734017 stripped
Transform:
  m_CorrespondingSourceObject: {fileID: 479700, guid: 856d712b47b6bb745a5aabbe8ce0dc45,
    type: 3}
  m_PrefabInstance: {fileID: 1020734016}
  m_PrefabAsset: {fileID: 0}
--- !u!1001 &1169862199
PrefabInstance:
  m_ObjectHideFlags: 0
  serializedVersion: 2
  m_Modification:
    m_TransformParent: {fileID: 0}
    m_Modifications:
    - target: {fileID: 6483025363542825614, guid: b99ffb78ab997404bb0d5b792ec43c65,
        type: 3}
      propertyPath: hole_num
      value: 
      objectReference: {fileID: 7025818}
    - target: {fileID: 6483025363542825614, guid: b99ffb78ab997404bb0d5b792ec43c65,
        type: 3}
      propertyPath: par_num
      value: 
      objectReference: {fileID: 1484723093}
    - target: {fileID: 6483025363542825614, guid: b99ffb78ab997404bb0d5b792ec43c65,
        type: 3}
      propertyPath: stroke_num
      value: 
      objectReference: {fileID: 1271169773}
    - target: {fileID: 6483025363542825614, guid: b99ffb78ab997404bb0d5b792ec43c65,
        type: 3}
      propertyPath: scoreboard_stroke_num1
      value: 
      objectReference: {fileID: 424390573}
    - target: {fileID: 6483025363542825614, guid: b99ffb78ab997404bb0d5b792ec43c65,
        type: 3}
      propertyPath: scoreboard_stroke_num2
      value: 
      objectReference: {fileID: 424390572}
    - target: {fileID: 6483025363542825614, guid: b99ffb78ab997404bb0d5b792ec43c65,
        type: 3}
      propertyPath: scoreboard_stroke_num3
      value: 
      objectReference: {fileID: 424390571}
    - target: {fileID: 6483025363542825614, guid: b99ffb78ab997404bb0d5b792ec43c65,
        type: 3}
      propertyPath: scoreboard
      value: 
      objectReference: {fileID: 424390570}
    - target: {fileID: 6483025363542825614, guid: b99ffb78ab997404bb0d5b792ec43c65,
        type: 3}
      propertyPath: Flag
      value: 
      objectReference: {fileID: 1249125127}
    - target: {fileID: 6483025363748477636, guid: b99ffb78ab997404bb0d5b792ec43c65,
        type: 3}
      propertyPath: m_LocalPosition.x
      value: -5
      objectReference: {fileID: 0}
    - target: {fileID: 6483025363748477636, guid: b99ffb78ab997404bb0d5b792ec43c65,
        type: 3}
      propertyPath: m_LocalPosition.y
      value: -1.351
      objectReference: {fileID: 0}
    - target: {fileID: 6483025363748477636, guid: b99ffb78ab997404bb0d5b792ec43c65,
        type: 3}
      propertyPath: m_LocalPosition.z
      value: -1.345
      objectReference: {fileID: 0}
    - target: {fileID: 6483025363748477636, guid: b99ffb78ab997404bb0d5b792ec43c65,
        type: 3}
      propertyPath: m_LocalRotation.x
      value: 0
      objectReference: {fileID: 0}
    - target: {fileID: 6483025363748477636, guid: b99ffb78ab997404bb0d5b792ec43c65,
        type: 3}
      propertyPath: m_LocalRotation.y
      value: 1
      objectReference: {fileID: 0}
    - target: {fileID: 6483025363748477636, guid: b99ffb78ab997404bb0d5b792ec43c65,
        type: 3}
      propertyPath: m_LocalRotation.z
      value: 0
      objectReference: {fileID: 0}
    - target: {fileID: 6483025363748477636, guid: b99ffb78ab997404bb0d5b792ec43c65,
        type: 3}
      propertyPath: m_LocalRotation.w
      value: 0
      objectReference: {fileID: 0}
    - target: {fileID: 6483025363748477636, guid: b99ffb78ab997404bb0d5b792ec43c65,
        type: 3}
      propertyPath: m_RootOrder
      value: 2
      objectReference: {fileID: 0}
    - target: {fileID: 6483025363748477636, guid: b99ffb78ab997404bb0d5b792ec43c65,
        type: 3}
      propertyPath: m_LocalEulerAnglesHint.x
      value: 0
      objectReference: {fileID: 0}
    - target: {fileID: 6483025363748477636, guid: b99ffb78ab997404bb0d5b792ec43c65,
        type: 3}
      propertyPath: m_LocalEulerAnglesHint.y
      value: 180
      objectReference: {fileID: 0}
    - target: {fileID: 6483025363748477636, guid: b99ffb78ab997404bb0d5b792ec43c65,
        type: 3}
      propertyPath: m_LocalEulerAnglesHint.z
      value: 0
      objectReference: {fileID: 0}
    - target: {fileID: 6483025363748753902, guid: b99ffb78ab997404bb0d5b792ec43c65,
        type: 3}
      propertyPath: m_Name
      value: Ball 1
      objectReference: {fileID: 0}
    m_RemovedComponents: []
  m_SourcePrefab: {fileID: 100100000, guid: b99ffb78ab997404bb0d5b792ec43c65, type: 3}
--- !u!1001 &1182540880
PrefabInstance:
  m_ObjectHideFlags: 0
  serializedVersion: 2
  m_Modification:
    m_TransformParent: {fileID: 0}
    m_Modifications:
    - target: {fileID: 4799867390799865380, guid: 70a9d1063800a4dca98c0aef7a4805a2,
        type: 3}
      propertyPath: m_LocalPosition.x
      value: 0
      objectReference: {fileID: 0}
    - target: {fileID: 4799867390799865380, guid: 70a9d1063800a4dca98c0aef7a4805a2,
        type: 3}
      propertyPath: m_LocalPosition.y
      value: 0
      objectReference: {fileID: 0}
    - target: {fileID: 4799867390799865380, guid: 70a9d1063800a4dca98c0aef7a4805a2,
        type: 3}
      propertyPath: m_LocalPosition.z
      value: 0
      objectReference: {fileID: 0}
    - target: {fileID: 4799867390799865380, guid: 70a9d1063800a4dca98c0aef7a4805a2,
        type: 3}
      propertyPath: m_LocalRotation.x
      value: 0
      objectReference: {fileID: 0}
    - target: {fileID: 4799867390799865380, guid: 70a9d1063800a4dca98c0aef7a4805a2,
        type: 3}
      propertyPath: m_LocalRotation.y
      value: 0
      objectReference: {fileID: 0}
    - target: {fileID: 4799867390799865380, guid: 70a9d1063800a4dca98c0aef7a4805a2,
        type: 3}
      propertyPath: m_LocalRotation.z
      value: 0
      objectReference: {fileID: 0}
    - target: {fileID: 4799867390799865380, guid: 70a9d1063800a4dca98c0aef7a4805a2,
        type: 3}
      propertyPath: m_LocalRotation.w
      value: 1
      objectReference: {fileID: 0}
    - target: {fileID: 4799867390799865380, guid: 70a9d1063800a4dca98c0aef7a4805a2,
        type: 3}
      propertyPath: m_RootOrder
      value: 4
      objectReference: {fileID: 0}
    - target: {fileID: 4799867390799865380, guid: 70a9d1063800a4dca98c0aef7a4805a2,
        type: 3}
      propertyPath: m_LocalEulerAnglesHint.x
      value: 0
      objectReference: {fileID: 0}
    - target: {fileID: 4799867390799865380, guid: 70a9d1063800a4dca98c0aef7a4805a2,
        type: 3}
      propertyPath: m_LocalEulerAnglesHint.y
      value: 0
      objectReference: {fileID: 0}
    - target: {fileID: 4799867390799865380, guid: 70a9d1063800a4dca98c0aef7a4805a2,
        type: 3}
      propertyPath: m_LocalEulerAnglesHint.z
      value: 0
      objectReference: {fileID: 0}
    - target: {fileID: 4799867390799865380, guid: 70a9d1063800a4dca98c0aef7a4805a2,
        type: 3}
      propertyPath: m_AnchoredPosition.x
      value: 0
      objectReference: {fileID: 0}
    - target: {fileID: 4799867390799865380, guid: 70a9d1063800a4dca98c0aef7a4805a2,
        type: 3}
      propertyPath: m_AnchoredPosition.y
      value: 0
      objectReference: {fileID: 0}
    - target: {fileID: 4799867390799865380, guid: 70a9d1063800a4dca98c0aef7a4805a2,
        type: 3}
      propertyPath: m_SizeDelta.x
      value: 0
      objectReference: {fileID: 0}
    - target: {fileID: 4799867390799865380, guid: 70a9d1063800a4dca98c0aef7a4805a2,
        type: 3}
      propertyPath: m_SizeDelta.y
      value: 0
      objectReference: {fileID: 0}
    - target: {fileID: 4799867390799865380, guid: 70a9d1063800a4dca98c0aef7a4805a2,
        type: 3}
      propertyPath: m_AnchorMin.x
      value: 0
      objectReference: {fileID: 0}
    - target: {fileID: 4799867390799865380, guid: 70a9d1063800a4dca98c0aef7a4805a2,
        type: 3}
      propertyPath: m_AnchorMin.y
      value: 0
      objectReference: {fileID: 0}
    - target: {fileID: 4799867390799865380, guid: 70a9d1063800a4dca98c0aef7a4805a2,
        type: 3}
      propertyPath: m_AnchorMax.x
      value: 0
      objectReference: {fileID: 0}
    - target: {fileID: 4799867390799865380, guid: 70a9d1063800a4dca98c0aef7a4805a2,
        type: 3}
      propertyPath: m_AnchorMax.y
      value: 0
      objectReference: {fileID: 0}
    - target: {fileID: 4799867390799865380, guid: 70a9d1063800a4dca98c0aef7a4805a2,
        type: 3}
      propertyPath: m_Pivot.x
      value: 0
      objectReference: {fileID: 0}
    - target: {fileID: 4799867390799865380, guid: 70a9d1063800a4dca98c0aef7a4805a2,
        type: 3}
      propertyPath: m_Pivot.y
      value: 0
      objectReference: {fileID: 0}
    - target: {fileID: 4799867390799865384, guid: 70a9d1063800a4dca98c0aef7a4805a2,
        type: 3}
      propertyPath: m_Name
      value: HUD UI
      objectReference: {fileID: 0}
    m_RemovedComponents: []
  m_SourcePrefab: {fileID: 100100000, guid: 70a9d1063800a4dca98c0aef7a4805a2, type: 3}
--- !u!1001 &1249125126
PrefabInstance:
  m_ObjectHideFlags: 0
  serializedVersion: 2
  m_Modification:
    m_TransformParent: {fileID: 2014575865}
    m_Modifications:
    - target: {fileID: 117518, guid: d645ce5fe35ad204d99fa4c05dc3a388, type: 3}
      propertyPath: m_Name
      value: pref_Flag_03
      objectReference: {fileID: 0}
    - target: {fileID: 438270, guid: d645ce5fe35ad204d99fa4c05dc3a388, type: 3}
      propertyPath: m_LocalPosition.x
      value: 31.533749
      objectReference: {fileID: 0}
    - target: {fileID: 438270, guid: d645ce5fe35ad204d99fa4c05dc3a388, type: 3}
      propertyPath: m_LocalPosition.y
      value: 20.32
      objectReference: {fileID: 0}
    - target: {fileID: 438270, guid: d645ce5fe35ad204d99fa4c05dc3a388, type: 3}
      propertyPath: m_LocalPosition.z
      value: 23.308956
      objectReference: {fileID: 0}
    - target: {fileID: 438270, guid: d645ce5fe35ad204d99fa4c05dc3a388, type: 3}
      propertyPath: m_LocalRotation.x
      value: -0
      objectReference: {fileID: 0}
    - target: {fileID: 438270, guid: d645ce5fe35ad204d99fa4c05dc3a388, type: 3}
      propertyPath: m_LocalRotation.y
      value: -0
      objectReference: {fileID: 0}
    - target: {fileID: 438270, guid: d645ce5fe35ad204d99fa4c05dc3a388, type: 3}
      propertyPath: m_LocalRotation.z
      value: -0
      objectReference: {fileID: 0}
    - target: {fileID: 438270, guid: d645ce5fe35ad204d99fa4c05dc3a388, type: 3}
      propertyPath: m_LocalRotation.w
      value: 1
      objectReference: {fileID: 0}
    - target: {fileID: 438270, guid: d645ce5fe35ad204d99fa4c05dc3a388, type: 3}
      propertyPath: m_RootOrder
      value: 15
      objectReference: {fileID: 0}
    - target: {fileID: 438270, guid: d645ce5fe35ad204d99fa4c05dc3a388, type: 3}
      propertyPath: m_LocalEulerAnglesHint.x
      value: 0
      objectReference: {fileID: 0}
    - target: {fileID: 438270, guid: d645ce5fe35ad204d99fa4c05dc3a388, type: 3}
      propertyPath: m_LocalEulerAnglesHint.y
      value: 0
      objectReference: {fileID: 0}
    - target: {fileID: 438270, guid: d645ce5fe35ad204d99fa4c05dc3a388, type: 3}
      propertyPath: m_LocalEulerAnglesHint.z
      value: 0
      objectReference: {fileID: 0}
    - target: {fileID: 6492610, guid: d645ce5fe35ad204d99fa4c05dc3a388, type: 3}
      propertyPath: m_Enabled
      value: 0
      objectReference: {fileID: 0}
    m_RemovedComponents: []
  m_SourcePrefab: {fileID: 100100000, guid: d645ce5fe35ad204d99fa4c05dc3a388, type: 3}
--- !u!4 &1249125127 stripped
Transform:
  m_CorrespondingSourceObject: {fileID: 438270, guid: d645ce5fe35ad204d99fa4c05dc3a388,
    type: 3}
  m_PrefabInstance: {fileID: 1249125126}
  m_PrefabAsset: {fileID: 0}
--- !u!114 &1271169773 stripped
MonoBehaviour:
  m_CorrespondingSourceObject: {fileID: 4799867390919732745, guid: 70a9d1063800a4dca98c0aef7a4805a2,
    type: 3}
  m_PrefabInstance: {fileID: 1182540880}
  m_PrefabAsset: {fileID: 0}
  m_GameObject: {fileID: 0}
  m_Enabled: 1
  m_EditorHideFlags: 0
  m_Script: {fileID: 11500000, guid: 5f7201a12d95ffc409449d95f23cf332, type: 3}
  m_Name: 
  m_EditorClassIdentifier: 
--- !u!114 &1484723093 stripped
MonoBehaviour:
  m_CorrespondingSourceObject: {fileID: 4799867391298685219, guid: 70a9d1063800a4dca98c0aef7a4805a2,
    type: 3}
  m_PrefabInstance: {fileID: 1182540880}
  m_PrefabAsset: {fileID: 0}
  m_GameObject: {fileID: 0}
  m_Enabled: 1
  m_EditorHideFlags: 0
  m_Script: {fileID: 11500000, guid: 5f7201a12d95ffc409449d95f23cf332, type: 3}
  m_Name: 
  m_EditorClassIdentifier: 
--- !u!1001 &1640129090
PrefabInstance:
  m_ObjectHideFlags: 0
  serializedVersion: 2
  m_Modification:
    m_TransformParent: {fileID: 2014575865}
    m_Modifications:
    - target: {fileID: 165380, guid: 04ad089b9bbd69e4fa4493b5f270d19c, type: 3}
      propertyPath: m_Name
      value: pref_TrackBeachStraight_02
      objectReference: {fileID: 0}
    - target: {fileID: 475766, guid: 04ad089b9bbd69e4fa4493b5f270d19c, type: 3}
      propertyPath: m_LocalPosition.x
      value: 31.53175
      objectReference: {fileID: 0}
    - target: {fileID: 475766, guid: 04ad089b9bbd69e4fa4493b5f270d19c, type: 3}
      propertyPath: m_LocalPosition.y
      value: 20.283022
      objectReference: {fileID: 0}
    - target: {fileID: 475766, guid: 04ad089b9bbd69e4fa4493b5f270d19c, type: 3}
      propertyPath: m_LocalPosition.z
      value: 32.808956
      objectReference: {fileID: 0}
    - target: {fileID: 475766, guid: 04ad089b9bbd69e4fa4493b5f270d19c, type: 3}
      propertyPath: m_LocalRotation.x
      value: -0
      objectReference: {fileID: 0}
    - target: {fileID: 475766, guid: 04ad089b9bbd69e4fa4493b5f270d19c, type: 3}
      propertyPath: m_LocalRotation.y
      value: -0
      objectReference: {fileID: 0}
    - target: {fileID: 475766, guid: 04ad089b9bbd69e4fa4493b5f270d19c, type: 3}
      propertyPath: m_LocalRotation.z
      value: -0
      objectReference: {fileID: 0}
    - target: {fileID: 475766, guid: 04ad089b9bbd69e4fa4493b5f270d19c, type: 3}
      propertyPath: m_LocalRotation.w
      value: 1
      objectReference: {fileID: 0}
    - target: {fileID: 475766, guid: 04ad089b9bbd69e4fa4493b5f270d19c, type: 3}
      propertyPath: m_RootOrder
      value: 10
      objectReference: {fileID: 0}
    - target: {fileID: 475766, guid: 04ad089b9bbd69e4fa4493b5f270d19c, type: 3}
      propertyPath: m_LocalEulerAnglesHint.x
      value: 0
      objectReference: {fileID: 0}
    - target: {fileID: 475766, guid: 04ad089b9bbd69e4fa4493b5f270d19c, type: 3}
      propertyPath: m_LocalEulerAnglesHint.y
      value: 0
      objectReference: {fileID: 0}
    - target: {fileID: 475766, guid: 04ad089b9bbd69e4fa4493b5f270d19c, type: 3}
      propertyPath: m_LocalEulerAnglesHint.z
      value: 0
      objectReference: {fileID: 0}
    m_RemovedComponents: []
  m_SourcePrefab: {fileID: 100100000, guid: 04ad089b9bbd69e4fa4493b5f270d19c, type: 3}
--- !u!4 &1640129091 stripped
Transform:
  m_CorrespondingSourceObject: {fileID: 475766, guid: 04ad089b9bbd69e4fa4493b5f270d19c,
    type: 3}
  m_PrefabInstance: {fileID: 1640129090}
  m_PrefabAsset: {fileID: 0}
--- !u!1001 &1696038101
PrefabInstance:
  m_ObjectHideFlags: 0
  serializedVersion: 2
  m_Modification:
    m_TransformParent: {fileID: 2014575865}
    m_Modifications:
    - target: {fileID: 174794, guid: c5cb755c28df2704192476d195db62f3, type: 3}
      propertyPath: m_Name
      value: pref_TrackBeachEnd (1)
      objectReference: {fileID: 0}
    - target: {fileID: 471506, guid: c5cb755c28df2704192476d195db62f3, type: 3}
      propertyPath: m_LocalPosition.x
      value: 31.53175
      objectReference: {fileID: 0}
    - target: {fileID: 471506, guid: c5cb755c28df2704192476d195db62f3, type: 3}
      propertyPath: m_LocalPosition.y
      value: 20.283022
      objectReference: {fileID: 0}
    - target: {fileID: 471506, guid: c5cb755c28df2704192476d195db62f3, type: 3}
      propertyPath: m_LocalPosition.z
      value: 29.808956
      objectReference: {fileID: 0}
    - target: {fileID: 471506, guid: c5cb755c28df2704192476d195db62f3, type: 3}
      propertyPath: m_LocalRotation.x
      value: -0
      objectReference: {fileID: 0}
    - target: {fileID: 471506, guid: c5cb755c28df2704192476d195db62f3, type: 3}
      propertyPath: m_LocalRotation.y
      value: -0
      objectReference: {fileID: 0}
    - target: {fileID: 471506, guid: c5cb755c28df2704192476d195db62f3, type: 3}
      propertyPath: m_LocalRotation.z
      value: -0
      objectReference: {fileID: 0}
    - target: {fileID: 471506, guid: c5cb755c28df2704192476d195db62f3, type: 3}
      propertyPath: m_LocalRotation.w
      value: 1
      objectReference: {fileID: 0}
    - target: {fileID: 471506, guid: c5cb755c28df2704192476d195db62f3, type: 3}
      propertyPath: m_RootOrder
      value: 5
      objectReference: {fileID: 0}
    - target: {fileID: 471506, guid: c5cb755c28df2704192476d195db62f3, type: 3}
      propertyPath: m_LocalEulerAnglesHint.x
      value: 0
      objectReference: {fileID: 0}
    - target: {fileID: 471506, guid: c5cb755c28df2704192476d195db62f3, type: 3}
      propertyPath: m_LocalEulerAnglesHint.y
      value: 0
      objectReference: {fileID: 0}
    - target: {fileID: 471506, guid: c5cb755c28df2704192476d195db62f3, type: 3}
      propertyPath: m_LocalEulerAnglesHint.z
      value: 0
      objectReference: {fileID: 0}
    m_RemovedComponents: []
  m_SourcePrefab: {fileID: 100100000, guid: c5cb755c28df2704192476d195db62f3, type: 3}
--- !u!4 &1696038102 stripped
Transform:
  m_CorrespondingSourceObject: {fileID: 471506, guid: c5cb755c28df2704192476d195db62f3,
    type: 3}
  m_PrefabInstance: {fileID: 1696038101}
  m_PrefabAsset: {fileID: 0}
--- !u!1001 &1698199821
PrefabInstance:
  m_ObjectHideFlags: 0
  serializedVersion: 2
  m_Modification:
    m_TransformParent: {fileID: 2014575865}
    m_Modifications:
    - target: {fileID: 110470, guid: 64e7de77d4a5fcd4db7d205216da76d3, type: 3}
      propertyPath: m_Name
      value: pref_TrackBeachStraight_01
      objectReference: {fileID: 0}
    - target: {fileID: 461210, guid: 64e7de77d4a5fcd4db7d205216da76d3, type: 3}
      propertyPath: m_LocalPosition.x
      value: 31.53175
      objectReference: {fileID: 0}
    - target: {fileID: 461210, guid: 64e7de77d4a5fcd4db7d205216da76d3, type: 3}
      propertyPath: m_LocalPosition.y
      value: 20.283028
      objectReference: {fileID: 0}
    - target: {fileID: 461210, guid: 64e7de77d4a5fcd4db7d205216da76d3, type: 3}
      propertyPath: m_LocalPosition.z
      value: 23.80896
      objectReference: {fileID: 0}
    - target: {fileID: 461210, guid: 64e7de77d4a5fcd4db7d205216da76d3, type: 3}
      propertyPath: m_LocalRotation.x
      value: -0
      objectReference: {fileID: 0}
    - target: {fileID: 461210, guid: 64e7de77d4a5fcd4db7d205216da76d3, type: 3}
      propertyPath: m_LocalRotation.y
      value: -0
      objectReference: {fileID: 0}
    - target: {fileID: 461210, guid: 64e7de77d4a5fcd4db7d205216da76d3, type: 3}
      propertyPath: m_LocalRotation.z
      value: -0
      objectReference: {fileID: 0}
    - target: {fileID: 461210, guid: 64e7de77d4a5fcd4db7d205216da76d3, type: 3}
      propertyPath: m_LocalRotation.w
      value: 1
      objectReference: {fileID: 0}
    - target: {fileID: 461210, guid: 64e7de77d4a5fcd4db7d205216da76d3, type: 3}
      propertyPath: m_RootOrder
      value: 12
      objectReference: {fileID: 0}
    - target: {fileID: 461210, guid: 64e7de77d4a5fcd4db7d205216da76d3, type: 3}
      propertyPath: m_LocalEulerAnglesHint.x
      value: 0
      objectReference: {fileID: 0}
    - target: {fileID: 461210, guid: 64e7de77d4a5fcd4db7d205216da76d3, type: 3}
      propertyPath: m_LocalEulerAnglesHint.y
      value: 0
      objectReference: {fileID: 0}
    - target: {fileID: 461210, guid: 64e7de77d4a5fcd4db7d205216da76d3, type: 3}
      propertyPath: m_LocalEulerAnglesHint.z
      value: 0
      objectReference: {fileID: 0}
    m_RemovedComponents: []
  m_SourcePrefab: {fileID: 100100000, guid: 64e7de77d4a5fcd4db7d205216da76d3, type: 3}
--- !u!4 &1698199822 stripped
Transform:
  m_CorrespondingSourceObject: {fileID: 461210, guid: 64e7de77d4a5fcd4db7d205216da76d3,
    type: 3}
  m_PrefabInstance: {fileID: 1698199821}
  m_PrefabAsset: {fileID: 0}
--- !u!1001 &1701519275
PrefabInstance:
  m_ObjectHideFlags: 0
  serializedVersion: 2
  m_Modification:
    m_TransformParent: {fileID: 2014575865}
    m_Modifications:
    - target: {fileID: 146528, guid: 6174f3914a458ff4399a58bade09f7e9, type: 3}
      propertyPath: m_Name
      value: pref_TrackBeachCrossing_01
      objectReference: {fileID: 0}
    - target: {fileID: 444706, guid: 6174f3914a458ff4399a58bade09f7e9, type: 3}
      propertyPath: m_LocalPosition.x
      value: 30.03175
      objectReference: {fileID: 0}
    - target: {fileID: 444706, guid: 6174f3914a458ff4399a58bade09f7e9, type: 3}
      propertyPath: m_LocalPosition.y
      value: 20.283022
      objectReference: {fileID: 0}
    - target: {fileID: 444706, guid: 6174f3914a458ff4399a58bade09f7e9, type: 3}
      propertyPath: m_LocalPosition.z
      value: 28.308956
      objectReference: {fileID: 0}
    - target: {fileID: 444706, guid: 6174f3914a458ff4399a58bade09f7e9, type: 3}
      propertyPath: m_LocalRotation.x
      value: -0
      objectReference: {fileID: 0}
    - target: {fileID: 444706, guid: 6174f3914a458ff4399a58bade09f7e9, type: 3}
      propertyPath: m_LocalRotation.y
      value: 0.7071068
      objectReference: {fileID: 0}
    - target: {fileID: 444706, guid: 6174f3914a458ff4399a58bade09f7e9, type: 3}
      propertyPath: m_LocalRotation.z
      value: -0
      objectReference: {fileID: 0}
    - target: {fileID: 444706, guid: 6174f3914a458ff4399a58bade09f7e9, type: 3}
      propertyPath: m_LocalRotation.w
      value: 0.7071068
      objectReference: {fileID: 0}
    - target: {fileID: 444706, guid: 6174f3914a458ff4399a58bade09f7e9, type: 3}
      propertyPath: m_RootOrder
      value: 6
      objectReference: {fileID: 0}
    - target: {fileID: 444706, guid: 6174f3914a458ff4399a58bade09f7e9, type: 3}
      propertyPath: m_LocalEulerAnglesHint.x
      value: 0
      objectReference: {fileID: 0}
    - target: {fileID: 444706, guid: 6174f3914a458ff4399a58bade09f7e9, type: 3}
      propertyPath: m_LocalEulerAnglesHint.y
      value: 90
      objectReference: {fileID: 0}
    - target: {fileID: 444706, guid: 6174f3914a458ff4399a58bade09f7e9, type: 3}
      propertyPath: m_LocalEulerAnglesHint.z
      value: 0
      objectReference: {fileID: 0}
    m_RemovedComponents: []
  m_SourcePrefab: {fileID: 100100000, guid: 6174f3914a458ff4399a58bade09f7e9, type: 3}
--- !u!4 &1701519276 stripped
Transform:
  m_CorrespondingSourceObject: {fileID: 444706, guid: 6174f3914a458ff4399a58bade09f7e9,
    type: 3}
  m_PrefabInstance: {fileID: 1701519275}
  m_PrefabAsset: {fileID: 0}
--- !u!1 &1779488776
GameObject:
  m_ObjectHideFlags: 0
  m_CorrespondingSourceObject: {fileID: 0}
  m_PrefabInstance: {fileID: 0}
  m_PrefabAsset: {fileID: 0}
  serializedVersion: 6
  m_Component:
  - component: {fileID: 1779488780}
  - component: {fileID: 1779488779}
  - component: {fileID: 1779488778}
  - component: {fileID: 1779488777}
  m_Layer: 0
  m_Name: Environment03
  m_TagString: Untagged
  m_Icon: {fileID: 0}
  m_NavMeshLayer: 0
  m_StaticEditorFlags: 0
  m_IsActive: 1
--- !u!64 &1779488777
MeshCollider:
  m_ObjectHideFlags: 0
  m_CorrespondingSourceObject: {fileID: 0}
  m_PrefabInstance: {fileID: 0}
  m_PrefabAsset: {fileID: 0}
  m_GameObject: {fileID: 1779488776}
  m_Material: {fileID: 13400000, guid: dc2a62790f5344c31853ca6989cda0a1, type: 2}
  m_IsTrigger: 1
  m_Enabled: 1
  serializedVersion: 3
  m_Convex: 1
  m_CookingOptions: 30
  m_Mesh: {fileID: 10209, guid: 0000000000000000e000000000000000, type: 0}
--- !u!23 &1779488778
MeshRenderer:
  m_ObjectHideFlags: 0
  m_CorrespondingSourceObject: {fileID: 0}
  m_PrefabInstance: {fileID: 0}
  m_PrefabAsset: {fileID: 0}
  m_GameObject: {fileID: 1779488776}
  m_Enabled: 1
  m_CastShadows: 1
  m_ReceiveShadows: 1
  m_DynamicOccludee: 1
  m_MotionVectors: 1
  m_LightProbeUsage: 1
  m_ReflectionProbeUsage: 1
  m_RayTracingMode: 2
  m_RenderingLayerMask: 1
  m_RendererPriority: 0
  m_Materials:
  - {fileID: 2100000, guid: 29c89b6c8a22fb44ab258bd61df2955b, type: 2}
  m_StaticBatchInfo:
    firstSubMesh: 0
    subMeshCount: 0
  m_StaticBatchRoot: {fileID: 0}
  m_ProbeAnchor: {fileID: 0}
  m_LightProbeVolumeOverride: {fileID: 0}
  m_ScaleInLightmap: 1
  m_ReceiveGI: 1
  m_PreserveUVs: 0
  m_IgnoreNormalsForChartDetection: 0
  m_ImportantGI: 0
  m_StitchLightmapSeams: 1
  m_SelectedEditorRenderState: 3
  m_MinimumChartSize: 4
  m_AutoUVMaxDistance: 0.5
  m_AutoUVMaxAngle: 89
  m_LightmapParameters: {fileID: 0}
  m_SortingLayerID: 0
  m_SortingLayer: 0
  m_SortingOrder: 0
--- !u!33 &1779488779
MeshFilter:
  m_ObjectHideFlags: 0
  m_CorrespondingSourceObject: {fileID: 0}
  m_PrefabInstance: {fileID: 0}
  m_PrefabAsset: {fileID: 0}
  m_GameObject: {fileID: 1779488776}
  m_Mesh: {fileID: 10209, guid: 0000000000000000e000000000000000, type: 0}
--- !u!4 &1779488780
Transform:
  m_ObjectHideFlags: 0
  m_CorrespondingSourceObject: {fileID: 0}
  m_PrefabInstance: {fileID: 0}
  m_PrefabAsset: {fileID: 0}
  m_GameObject: {fileID: 1779488776}
  m_LocalRotation: {x: 0, y: 0, z: 0, w: 1}
  m_LocalPosition: {x: -2.15, y: -3.238, z: -4.1673894}
  m_LocalScale: {x: 10, y: 1, z: 10}
  m_Children: []
  m_Father: {fileID: 0}
  m_RootOrder: 0
  m_LocalEulerAnglesHint: {x: 0, y: 0, z: 0}
--- !u!1001 &1784167343
PrefabInstance:
  m_ObjectHideFlags: 0
  serializedVersion: 2
  m_Modification:
    m_TransformParent: {fileID: 2014575865}
    m_Modifications:
    - target: {fileID: 174794, guid: c5cb755c28df2704192476d195db62f3, type: 3}
      propertyPath: m_Name
      value: pref_TrackBeachEnd
      objectReference: {fileID: 0}
    - target: {fileID: 471506, guid: c5cb755c28df2704192476d195db62f3, type: 3}
      propertyPath: m_LocalPosition.x
      value: 31.53175
      objectReference: {fileID: 0}
    - target: {fileID: 471506, guid: c5cb755c28df2704192476d195db62f3, type: 3}
      propertyPath: m_LocalPosition.y
      value: 19.283
      objectReference: {fileID: 0}
    - target: {fileID: 471506, guid: c5cb755c28df2704192476d195db62f3, type: 3}
      propertyPath: m_LocalPosition.z
      value: 19.808956
      objectReference: {fileID: 0}
    - target: {fileID: 471506, guid: c5cb755c28df2704192476d195db62f3, type: 3}
      propertyPath: m_LocalRotation.x
      value: -0
      objectReference: {fileID: 0}
    - target: {fileID: 471506, guid: c5cb755c28df2704192476d195db62f3, type: 3}
      propertyPath: m_LocalRotation.y
      value: 1
      objectReference: {fileID: 0}
    - target: {fileID: 471506, guid: c5cb755c28df2704192476d195db62f3, type: 3}
      propertyPath: m_LocalRotation.z
      value: -0
      objectReference: {fileID: 0}
    - target: {fileID: 471506, guid: c5cb755c28df2704192476d195db62f3, type: 3}
      propertyPath: m_LocalRotation.w
      value: 0
      objectReference: {fileID: 0}
    - target: {fileID: 471506, guid: c5cb755c28df2704192476d195db62f3, type: 3}
      propertyPath: m_RootOrder
      value: 13
      objectReference: {fileID: 0}
    - target: {fileID: 471506, guid: c5cb755c28df2704192476d195db62f3, type: 3}
      propertyPath: m_LocalEulerAnglesHint.x
      value: 0
      objectReference: {fileID: 0}
    - target: {fileID: 471506, guid: c5cb755c28df2704192476d195db62f3, type: 3}
      propertyPath: m_LocalEulerAnglesHint.y
      value: 180
      objectReference: {fileID: 0}
    - target: {fileID: 471506, guid: c5cb755c28df2704192476d195db62f3, type: 3}
      propertyPath: m_LocalEulerAnglesHint.z
      value: 0
      objectReference: {fileID: 0}
    m_RemovedComponents: []
  m_SourcePrefab: {fileID: 100100000, guid: c5cb755c28df2704192476d195db62f3, type: 3}
--- !u!4 &1784167344 stripped
Transform:
  m_CorrespondingSourceObject: {fileID: 471506, guid: c5cb755c28df2704192476d195db62f3,
    type: 3}
  m_PrefabInstance: {fileID: 1784167343}
  m_PrefabAsset: {fileID: 0}
--- !u!1001 &1998726763
PrefabInstance:
  m_ObjectHideFlags: 0
  serializedVersion: 2
  m_Modification:
    m_TransformParent: {fileID: 2014575865}
    m_Modifications:
    - target: {fileID: 123216, guid: 9ee4c6a4ba323b44090be63f17e7df3b, type: 3}
      propertyPath: m_Name
      value: pref_ObstacleRoadTriangleCornerSmall
      objectReference: {fileID: 0}
    - target: {fileID: 449036, guid: 9ee4c6a4ba323b44090be63f17e7df3b, type: 3}
      propertyPath: m_LocalPosition.x
      value: 28.51575
      objectReference: {fileID: 0}
    - target: {fileID: 449036, guid: 9ee4c6a4ba323b44090be63f17e7df3b, type: 3}
      propertyPath: m_LocalPosition.y
      value: 20.293022
      objectReference: {fileID: 0}
    - target: {fileID: 449036, guid: 9ee4c6a4ba323b44090be63f17e7df3b, type: 3}
      propertyPath: m_LocalPosition.z
      value: 31.323956
      objectReference: {fileID: 0}
    - target: {fileID: 449036, guid: 9ee4c6a4ba323b44090be63f17e7df3b, type: 3}
      propertyPath: m_LocalRotation.x
      value: -0
      objectReference: {fileID: 0}
    - target: {fileID: 449036, guid: 9ee4c6a4ba323b44090be63f17e7df3b, type: 3}
      propertyPath: m_LocalRotation.y
      value: -0
      objectReference: {fileID: 0}
    - target: {fileID: 449036, guid: 9ee4c6a4ba323b44090be63f17e7df3b, type: 3}
      propertyPath: m_LocalRotation.z
      value: -0
      objectReference: {fileID: 0}
    - target: {fileID: 449036, guid: 9ee4c6a4ba323b44090be63f17e7df3b, type: 3}
      propertyPath: m_LocalRotation.w
      value: 1
      objectReference: {fileID: 0}
    - target: {fileID: 449036, guid: 9ee4c6a4ba323b44090be63f17e7df3b, type: 3}
      propertyPath: m_RootOrder
      value: 3
      objectReference: {fileID: 0}
    - target: {fileID: 449036, guid: 9ee4c6a4ba323b44090be63f17e7df3b, type: 3}
      propertyPath: m_LocalEulerAnglesHint.x
      value: 0
      objectReference: {fileID: 0}
    - target: {fileID: 449036, guid: 9ee4c6a4ba323b44090be63f17e7df3b, type: 3}
      propertyPath: m_LocalEulerAnglesHint.y
      value: 0
      objectReference: {fileID: 0}
    - target: {fileID: 449036, guid: 9ee4c6a4ba323b44090be63f17e7df3b, type: 3}
      propertyPath: m_LocalEulerAnglesHint.z
      value: 0
      objectReference: {fileID: 0}
    m_RemovedComponents: []
  m_SourcePrefab: {fileID: 100100000, guid: 9ee4c6a4ba323b44090be63f17e7df3b, type: 3}
--- !u!4 &1998726764 stripped
Transform:
  m_CorrespondingSourceObject: {fileID: 449036, guid: 9ee4c6a4ba323b44090be63f17e7df3b,
    type: 3}
  m_PrefabInstance: {fileID: 1998726763}
  m_PrefabAsset: {fileID: 0}
--- !u!1 &2014575864
GameObject:
  m_ObjectHideFlags: 0
  m_CorrespondingSourceObject: {fileID: 0}
  m_PrefabInstance: {fileID: 0}
  m_PrefabAsset: {fileID: 0}
  serializedVersion: 6
  m_Component:
  - component: {fileID: 2014575865}
  m_Layer: 0
  m_Name: Course03
  m_TagString: Untagged
  m_Icon: {fileID: 0}
  m_NavMeshLayer: 0
  m_StaticEditorFlags: 0
  m_IsActive: 1
--- !u!4 &2014575865
Transform:
  m_ObjectHideFlags: 0
  m_CorrespondingSourceObject: {fileID: 0}
  m_PrefabInstance: {fileID: 0}
  m_PrefabAsset: {fileID: 0}
  m_GameObject: {fileID: 2014575864}
  m_LocalRotation: {x: 0, y: 0, z: 0, w: 1}
  m_LocalPosition: {x: -36.53175, y: -21.86, z: -36.808956}
  m_LocalScale: {x: 1, y: 1, z: 1}
  m_Children:
  - {fileID: 867078820}
  - {fileID: 622076045}
  - {fileID: 346493981}
  - {fileID: 1998726764}
  - {fileID: 2145257051}
  - {fileID: 1696038102}
  - {fileID: 1701519276}
  - {fileID: 39892180}
  - {fileID: 761214531}
  - {fileID: 1020734017}
  - {fileID: 1640129091}
  - {fileID: 2046866085}
  - {fileID: 1698199822}
  - {fileID: 1784167344}
  - {fileID: 183066745}
  - {fileID: 1249125127}
  m_Father: {fileID: 0}
  m_RootOrder: 3
  m_LocalEulerAnglesHint: {x: 0, y: 0, z: 0}
--- !u!1001 &2046866084
PrefabInstance:
  m_ObjectHideFlags: 0
  serializedVersion: 2
  m_Modification:
    m_TransformParent: {fileID: 2014575865}
    m_Modifications:
    - target: {fileID: 174794, guid: c5cb755c28df2704192476d195db62f3, type: 3}
      propertyPath: m_Name
      value: pref_TrackBeachEnd
      objectReference: {fileID: 0}
    - target: {fileID: 471506, guid: c5cb755c28df2704192476d195db62f3, type: 3}
      propertyPath: m_LocalPosition.x
      value: 31.53175
      objectReference: {fileID: 0}
    - target: {fileID: 471506, guid: c5cb755c28df2704192476d195db62f3, type: 3}
      propertyPath: m_LocalPosition.y
      value: 20.283022
      objectReference: {fileID: 0}
    - target: {fileID: 471506, guid: c5cb755c28df2704192476d195db62f3, type: 3}
      propertyPath: m_LocalPosition.z
      value: 34.808956
      objectReference: {fileID: 0}
    - target: {fileID: 471506, guid: c5cb755c28df2704192476d195db62f3, type: 3}
      propertyPath: m_LocalRotation.x
      value: -0
      objectReference: {fileID: 0}
    - target: {fileID: 471506, guid: c5cb755c28df2704192476d195db62f3, type: 3}
      propertyPath: m_LocalRotation.y
      value: -0
      objectReference: {fileID: 0}
    - target: {fileID: 471506, guid: c5cb755c28df2704192476d195db62f3, type: 3}
      propertyPath: m_LocalRotation.z
      value: -0
      objectReference: {fileID: 0}
    - target: {fileID: 471506, guid: c5cb755c28df2704192476d195db62f3, type: 3}
      propertyPath: m_LocalRotation.w
      value: 1
      objectReference: {fileID: 0}
    - target: {fileID: 471506, guid: c5cb755c28df2704192476d195db62f3, type: 3}
      propertyPath: m_RootOrder
      value: 11
      objectReference: {fileID: 0}
    - target: {fileID: 471506, guid: c5cb755c28df2704192476d195db62f3, type: 3}
      propertyPath: m_LocalEulerAnglesHint.x
      value: 0
      objectReference: {fileID: 0}
    - target: {fileID: 471506, guid: c5cb755c28df2704192476d195db62f3, type: 3}
      propertyPath: m_LocalEulerAnglesHint.y
      value: 0
      objectReference: {fileID: 0}
    - target: {fileID: 471506, guid: c5cb755c28df2704192476d195db62f3, type: 3}
      propertyPath: m_LocalEulerAnglesHint.z
      value: 0
      objectReference: {fileID: 0}
    m_RemovedComponents: []
  m_SourcePrefab: {fileID: 100100000, guid: c5cb755c28df2704192476d195db62f3, type: 3}
--- !u!4 &2046866085 stripped
Transform:
  m_CorrespondingSourceObject: {fileID: 471506, guid: c5cb755c28df2704192476d195db62f3,
    type: 3}
  m_PrefabInstance: {fileID: 2046866084}
  m_PrefabAsset: {fileID: 0}
--- !u!1 &2082936641
GameObject:
  m_ObjectHideFlags: 0
  m_CorrespondingSourceObject: {fileID: 0}
  m_PrefabInstance: {fileID: 0}
  m_PrefabAsset: {fileID: 0}
  serializedVersion: 6
  m_Component:
  - component: {fileID: 2082936642}
  - component: {fileID: 2082936645}
  - component: {fileID: 2082936644}
  - component: {fileID: 2082936643}
  m_Layer: 0
  m_Name: hole03trigger
  m_TagString: Untagged
  m_Icon: {fileID: 0}
  m_NavMeshLayer: 0
  m_StaticEditorFlags: 0
  m_IsActive: 1
--- !u!4 &2082936642
Transform:
  m_ObjectHideFlags: 0
  m_CorrespondingSourceObject: {fileID: 0}
  m_PrefabInstance: {fileID: 0}
  m_PrefabAsset: {fileID: 0}
  m_GameObject: {fileID: 2082936641}
  m_LocalRotation: {x: 0, y: 0, z: 0, w: 1}
  m_LocalPosition: {x: 0, y: 0, z: 0}
  m_LocalScale: {x: 1, y: 1, z: 1}
  m_Children: []
  m_Father: {fileID: 867078820}
  m_RootOrder: 1
  m_LocalEulerAnglesHint: {x: 0, y: 0, z: 0}
--- !u!64 &2082936643
MeshCollider:
  m_ObjectHideFlags: 0
  m_CorrespondingSourceObject: {fileID: 0}
  m_PrefabInstance: {fileID: 0}
  m_PrefabAsset: {fileID: 0}
  m_GameObject: {fileID: 2082936641}
  m_Material: {fileID: 0}
  m_IsTrigger: 1
  m_Enabled: 1
  serializedVersion: 3
  m_Convex: 1
  m_CookingOptions: 30
  m_Mesh: {fileID: 4300000, guid: 18f5521797da00640bc5226cfb247a69, type: 3}
--- !u!23 &2082936644
MeshRenderer:
  m_ObjectHideFlags: 0
  m_CorrespondingSourceObject: {fileID: 0}
  m_PrefabInstance: {fileID: 0}
  m_PrefabAsset: {fileID: 0}
  m_GameObject: {fileID: 2082936641}
  m_Enabled: 1
  m_CastShadows: 1
  m_ReceiveShadows: 1
  m_DynamicOccludee: 1
  m_MotionVectors: 1
  m_LightProbeUsage: 1
  m_ReflectionProbeUsage: 1
  m_RayTracingMode: 2
  m_RenderingLayerMask: 1
  m_RendererPriority: 0
  m_Materials:
  - {fileID: 2100000, guid: 38fd9e4be6238024eafc5fcdd8974537, type: 2}
  m_StaticBatchInfo:
    firstSubMesh: 0
    subMeshCount: 0
  m_StaticBatchRoot: {fileID: 0}
  m_ProbeAnchor: {fileID: 0}
  m_LightProbeVolumeOverride: {fileID: 0}
  m_ScaleInLightmap: 1
  m_ReceiveGI: 1
  m_PreserveUVs: 0
  m_IgnoreNormalsForChartDetection: 0
  m_ImportantGI: 0
  m_StitchLightmapSeams: 1
  m_SelectedEditorRenderState: 3
  m_MinimumChartSize: 4
  m_AutoUVMaxDistance: 0.5
  m_AutoUVMaxAngle: 89
  m_LightmapParameters: {fileID: 0}
  m_SortingLayerID: 0
  m_SortingLayer: 0
  m_SortingOrder: 0
--- !u!33 &2082936645
MeshFilter:
  m_ObjectHideFlags: 0
  m_CorrespondingSourceObject: {fileID: 0}
  m_PrefabInstance: {fileID: 0}
  m_PrefabAsset: {fileID: 0}
  m_GameObject: {fileID: 2082936641}
  m_Mesh: {fileID: 4300000, guid: fb97f745c75af62479254fece818b30f, type: 3}
--- !u!1001 &2132960728
PrefabInstance:
  m_ObjectHideFlags: 0
  serializedVersion: 2
  m_Modification:
    m_TransformParent: {fileID: 0}
    m_Modifications:
    - target: {fileID: 8641454559916620046, guid: afc4f2b6c15034a5186339b0d4fe0c5c,
        type: 3}
      propertyPath: m_Name
      value: EventSystem
      objectReference: {fileID: 0}
    - target: {fileID: 8641454559916620273, guid: afc4f2b6c15034a5186339b0d4fe0c5c,
        type: 3}
      propertyPath: m_LocalPosition.x
      value: 0
      objectReference: {fileID: 0}
    - target: {fileID: 8641454559916620273, guid: afc4f2b6c15034a5186339b0d4fe0c5c,
        type: 3}
      propertyPath: m_LocalPosition.y
      value: 0
      objectReference: {fileID: 0}
    - target: {fileID: 8641454559916620273, guid: afc4f2b6c15034a5186339b0d4fe0c5c,
        type: 3}
      propertyPath: m_LocalPosition.z
      value: 0
      objectReference: {fileID: 0}
    - target: {fileID: 8641454559916620273, guid: afc4f2b6c15034a5186339b0d4fe0c5c,
        type: 3}
      propertyPath: m_LocalRotation.x
      value: 0
      objectReference: {fileID: 0}
    - target: {fileID: 8641454559916620273, guid: afc4f2b6c15034a5186339b0d4fe0c5c,
        type: 3}
      propertyPath: m_LocalRotation.y
      value: 0
      objectReference: {fileID: 0}
    - target: {fileID: 8641454559916620273, guid: afc4f2b6c15034a5186339b0d4fe0c5c,
        type: 3}
      propertyPath: m_LocalRotation.z
      value: 0
      objectReference: {fileID: 0}
    - target: {fileID: 8641454559916620273, guid: afc4f2b6c15034a5186339b0d4fe0c5c,
        type: 3}
      propertyPath: m_LocalRotation.w
      value: 1
      objectReference: {fileID: 0}
    - target: {fileID: 8641454559916620273, guid: afc4f2b6c15034a5186339b0d4fe0c5c,
        type: 3}
      propertyPath: m_RootOrder
      value: 6
      objectReference: {fileID: 0}
    - target: {fileID: 8641454559916620273, guid: afc4f2b6c15034a5186339b0d4fe0c5c,
        type: 3}
      propertyPath: m_LocalEulerAnglesHint.x
      value: 0
      objectReference: {fileID: 0}
    - target: {fileID: 8641454559916620273, guid: afc4f2b6c15034a5186339b0d4fe0c5c,
        type: 3}
      propertyPath: m_LocalEulerAnglesHint.y
      value: 0
      objectReference: {fileID: 0}
    - target: {fileID: 8641454559916620273, guid: afc4f2b6c15034a5186339b0d4fe0c5c,
        type: 3}
      propertyPath: m_LocalEulerAnglesHint.z
      value: 0
      objectReference: {fileID: 0}
    m_RemovedComponents: []
  m_SourcePrefab: {fileID: 100100000, guid: afc4f2b6c15034a5186339b0d4fe0c5c, type: 3}
--- !u!1001 &2145257050
PrefabInstance:
  m_ObjectHideFlags: 0
  serializedVersion: 2
  m_Modification:
    m_TransformParent: {fileID: 2014575865}
    m_Modifications:
    - target: {fileID: 142552, guid: 3e44a651f8268b942831a68e3afffeaf, type: 3}
      propertyPath: m_Name
      value: pref_ObstacleRoadArch_02
      objectReference: {fileID: 0}
    - target: {fileID: 419944, guid: 3e44a651f8268b942831a68e3afffeaf, type: 3}
      propertyPath: m_LocalPosition.x
      value: 31.53175
      objectReference: {fileID: 0}
    - target: {fileID: 419944, guid: 3e44a651f8268b942831a68e3afffeaf, type: 3}
      propertyPath: m_LocalPosition.y
      value: 20.591
      objectReference: {fileID: 0}
    - target: {fileID: 419944, guid: 3e44a651f8268b942831a68e3afffeaf, type: 3}
      propertyPath: m_LocalPosition.z
      value: 25.78
      objectReference: {fileID: 0}
    - target: {fileID: 419944, guid: 3e44a651f8268b942831a68e3afffeaf, type: 3}
      propertyPath: m_LocalRotation.x
      value: -0
      objectReference: {fileID: 0}
    - target: {fileID: 419944, guid: 3e44a651f8268b942831a68e3afffeaf, type: 3}
      propertyPath: m_LocalRotation.y
      value: -0
      objectReference: {fileID: 0}
    - target: {fileID: 419944, guid: 3e44a651f8268b942831a68e3afffeaf, type: 3}
      propertyPath: m_LocalRotation.z
      value: -0
      objectReference: {fileID: 0}
    - target: {fileID: 419944, guid: 3e44a651f8268b942831a68e3afffeaf, type: 3}
      propertyPath: m_LocalRotation.w
      value: 1
      objectReference: {fileID: 0}
    - target: {fileID: 419944, guid: 3e44a651f8268b942831a68e3afffeaf, type: 3}
      propertyPath: m_RootOrder
      value: 4
      objectReference: {fileID: 0}
    - target: {fileID: 419944, guid: 3e44a651f8268b942831a68e3afffeaf, type: 3}
      propertyPath: m_LocalEulerAnglesHint.x
      value: 0
      objectReference: {fileID: 0}
    - target: {fileID: 419944, guid: 3e44a651f8268b942831a68e3afffeaf, type: 3}
      propertyPath: m_LocalEulerAnglesHint.y
      value: 0
      objectReference: {fileID: 0}
    - target: {fileID: 419944, guid: 3e44a651f8268b942831a68e3afffeaf, type: 3}
      propertyPath: m_LocalEulerAnglesHint.z
      value: 0
      objectReference: {fileID: 0}
    m_RemovedComponents: []
  m_SourcePrefab: {fileID: 100100000, guid: 3e44a651f8268b942831a68e3afffeaf, type: 3}
--- !u!4 &2145257051 stripped
Transform:
  m_CorrespondingSourceObject: {fileID: 419944, guid: 3e44a651f8268b942831a68e3afffeaf,
    type: 3}
  m_PrefabInstance: {fileID: 2145257050}
  m_PrefabAsset: {fileID: 0}
